Price,Quantity,Datetime,Type
101181.1,3.795,2024-12-14 01:17:19,Bid
101181.0,0.001,2024-12-14 01:17:19,Bid
101180.2,0.001,2024-12-14 01:17:19,Bid
101180.0,0.001,2024-12-14 01:17:19,Bid
101179.5,0.1,2024-12-14 01:17:19,Bid
101179.4,0.04,2024-12-14 01:17:19,Bid
101179.2,0.001,2024-12-14 01:17:19,Bid
101179.1,0.001,2024-12-14 01:17:19,Bid
101179.0,0.002,2024-12-14 01:17:19,Bid
101177.7,0.04,2024-12-14 01:17:19,Bid
101177.2,0.041,2024-12-14 01:17:19,Bid
101177.1,0.001,2024-12-14 01:17:19,Bid
101176.9,0.03,2024-12-14 01:17:19,Bid
101176.4,0.04,2024-12-14 01:17:19,Bid
101176.2,0.001,2024-12-14 01:17:19,Bid
101175.6,0.04,2024-12-14 01:17:19,Bid
101175.1,0.003,2024-12-14 01:17:19,Bid
101174.9,0.03,2024-12-14 01:17:19,Bid
101174.8,0.002,2024-12-14 01:17:19,Bid
101174.7,0.002,2024-12-14 01:17:19,Bid
101174.6,0.02,2024-12-14 01:17:19,Bid
101174.5,0.003,2024-12-14 01:17:19,Bid
101174.1,0.001,2024-12-14 01:17:19,Bid
101174.0,0.04,2024-12-14 01:17:19,Bid
101173.8,0.271,2024-12-14 01:17:19,Bid
101173.7,0.003,2024-12-14 01:17:19,Bid
101173.4,0.04,2024-12-14 01:17:19,Bid
101173.3,0.03,2024-12-14 01:17:19,Bid
101173.1,0.001,2024-12-14 01:17:19,Bid
101173.0,0.001,2024-12-14 01:17:19,Bid
101172.9,0.08,2024-12-14 01:17:19,Bid
101172.3,0.049,2024-12-14 01:17:19,Bid
101172.2,0.12,2024-12-14 01:17:19,Bid
101172.1,0.125,2024-12-14 01:17:19,Bid
101172.0,0.287,2024-12-14 01:17:19,Bid
101171.9,0.002,2024-12-14 01:17:19,Bid
101171.8,0.123,2024-12-14 01:17:19,Bid
101171.7,0.152,2024-12-14 01:17:19,Bid
101171.6,0.496,2024-12-14 01:17:19,Bid
101171.5,0.3,2024-12-14 01:17:19,Bid
101171.4,0.423,2024-12-14 01:17:19,Bid
101171.3,0.002,2024-12-14 01:17:19,Bid
101171.2,0.002,2024-12-14 01:17:19,Bid
101171.1,0.003,2024-12-14 01:17:19,Bid
101171.0,0.694,2024-12-14 01:17:19,Bid
101170.9,1.427,2024-12-14 01:17:19,Bid
101170.8,0.051,2024-12-14 01:17:19,Bid
101170.6,0.003,2024-12-14 01:17:19,Bid
101170.4,0.002,2024-12-14 01:17:19,Bid
101170.2,0.01,2024-12-14 01:17:19,Bid
101170.1,0.031,2024-12-14 01:17:19,Bid
101170.0,0.308,2024-12-14 01:17:19,Bid
101169.9,0.006,2024-12-14 01:17:19,Bid
101169.8,0.038,2024-12-14 01:17:19,Bid
101169.7,0.043,2024-12-14 01:17:19,Bid
101169.6,0.065,2024-12-14 01:17:19,Bid
101169.5,0.02,2024-12-14 01:17:19,Bid
101169.4,0.101,2024-12-14 01:17:19,Bid
101169.2,0.04,2024-12-14 01:17:19,Bid
101169.1,0.001,2024-12-14 01:17:19,Bid
101169.0,0.068,2024-12-14 01:17:19,Bid
101168.9,0.09,2024-12-14 01:17:19,Bid
101168.8,0.012,2024-12-14 01:17:19,Bid
101168.6,0.055,2024-12-14 01:17:19,Bid
101168.5,0.032,2024-12-14 01:17:19,Bid
101168.4,0.507,2024-12-14 01:17:19,Bid
101168.3,0.867,2024-12-14 01:17:19,Bid
101168.2,0.179,2024-12-14 01:17:19,Bid
101168.0,0.721,2024-12-14 01:17:19,Bid
101167.9,0.41,2024-12-14 01:17:19,Bid
101167.8,0.014,2024-12-14 01:17:19,Bid
101167.7,0.026,2024-12-14 01:17:19,Bid
101167.6,0.04,2024-12-14 01:17:19,Bid
101167.5,0.047,2024-12-14 01:17:19,Bid
101167.2,0.08,2024-12-14 01:17:19,Bid
101167.0,0.041,2024-12-14 01:17:19,Bid
101166.9,0.001,2024-12-14 01:17:19,Bid
101166.8,0.008,2024-12-14 01:17:19,Bid
101166.7,0.082,2024-12-14 01:17:19,Bid
101166.6,0.032,2024-12-14 01:17:19,Bid
101166.5,0.002,2024-12-14 01:17:19,Bid
101166.3,0.741,2024-12-14 01:17:19,Bid
101166.1,0.005,2024-12-14 01:17:19,Bid
101166.0,0.003,2024-12-14 01:17:19,Bid
101165.9,0.527,2024-12-14 01:17:19,Bid
101165.8,0.36,2024-12-14 01:17:19,Bid
101165.7,0.081,2024-12-14 01:17:19,Bid
101165.6,0.004,2024-12-14 01:17:19,Bid
101165.5,0.002,2024-12-14 01:17:19,Bid
101165.4,0.148,2024-12-14 01:17:19,Bid
101165.3,0.229,2024-12-14 01:17:19,Bid
101165.2,0.082,2024-12-14 01:17:19,Bid
101165.0,0.007,2024-12-14 01:17:19,Bid
101164.9,0.215,2024-12-14 01:17:19,Bid
101164.7,0.156,2024-12-14 01:17:19,Bid
101164.6,0.028,2024-12-14 01:17:19,Bid
101164.5,0.96,2024-12-14 01:17:19,Bid
101164.4,0.08,2024-12-14 01:17:19,Bid
101164.3,0.002,2024-12-14 01:17:19,Bid
101164.2,0.003,2024-12-14 01:17:19,Bid
101164.1,0.122,2024-12-14 01:17:19,Bid
101164.0,0.49,2024-12-14 01:17:19,Bid
101163.9,0.91,2024-12-14 01:17:19,Bid
101163.8,0.011,2024-12-14 01:17:19,Bid
101163.7,0.52,2024-12-14 01:17:19,Bid
101163.6,0.048,2024-12-14 01:17:19,Bid
101163.5,0.294,2024-12-14 01:17:19,Bid
101163.4,0.108,2024-12-14 01:17:19,Bid
101163.3,0.006,2024-12-14 01:17:19,Bid
101163.2,0.009,2024-12-14 01:17:19,Bid
101163.0,0.243,2024-12-14 01:17:19,Bid
101162.9,0.011,2024-12-14 01:17:19,Bid
101162.8,0.2,2024-12-14 01:17:19,Bid
101162.7,0.845,2024-12-14 01:17:19,Bid
101162.6,0.975,2024-12-14 01:17:19,Bid
101162.5,1.394,2024-12-14 01:17:19,Bid
101162.4,0.004,2024-12-14 01:17:19,Bid
101162.2,0.1,2024-12-14 01:17:19,Bid
101162.0,0.015,2024-12-14 01:17:19,Bid
101161.9,0.003,2024-12-14 01:17:19,Bid
101161.8,0.741,2024-12-14 01:17:19,Bid
101161.7,0.458,2024-12-14 01:17:19,Bid
101161.6,0.004,2024-12-14 01:17:19,Bid
101161.4,0.003,2024-12-14 01:17:19,Bid
101161.3,0.89,2024-12-14 01:17:19,Bid
101161.2,0.042,2024-12-14 01:17:19,Bid
101161.0,0.001,2024-12-14 01:17:19,Bid
101160.9,0.211,2024-12-14 01:17:19,Bid
101160.8,0.814,2024-12-14 01:17:19,Bid
101160.7,0.092,2024-12-14 01:17:19,Bid
101160.6,0.07,2024-12-14 01:17:19,Bid
101160.3,0.026,2024-12-14 01:17:19,Bid
101160.2,0.048,2024-12-14 01:17:19,Bid
101160.0,0.667,2024-12-14 01:17:19,Bid
101159.9,0.001,2024-12-14 01:17:19,Bid
101159.8,0.743,2024-12-14 01:17:19,Bid
101159.7,0.371,2024-12-14 01:17:19,Bid
101159.6,0.001,2024-12-14 01:17:19,Bid
101159.5,0.002,2024-12-14 01:17:19,Bid
101159.4,0.02,2024-12-14 01:17:19,Bid
101159.3,0.005,2024-12-14 01:17:19,Bid
101159.2,0.002,2024-12-14 01:17:19,Bid
101159.0,0.296,2024-12-14 01:17:19,Bid
101158.9,0.003,2024-12-14 01:17:19,Bid
101158.8,0.025,2024-12-14 01:17:19,Bid
101158.7,0.299,2024-12-14 01:17:19,Bid
101158.6,0.002,2024-12-14 01:17:19,Bid
101158.5,0.32,2024-12-14 01:17:19,Bid
101158.4,0.039,2024-12-14 01:17:19,Bid
101158.2,0.876,2024-12-14 01:17:19,Bid
101158.0,0.04,2024-12-14 01:17:19,Bid
101157.5,0.642,2024-12-14 01:17:19,Bid
101157.2,0.04,2024-12-14 01:17:19,Bid
101157.0,0.947,2024-12-14 01:17:19,Bid
101156.9,0.003,2024-12-14 01:17:19,Bid
101156.8,0.276,2024-12-14 01:17:19,Bid
101156.7,0.014,2024-12-14 01:17:19,Bid
101156.6,0.798,2024-12-14 01:17:19,Bid
101156.4,0.067,2024-12-14 01:17:19,Bid
101156.1,0.004,2024-12-14 01:17:19,Bid
101156.0,0.046,2024-12-14 01:17:19,Bid
101155.9,0.91,2024-12-14 01:17:19,Bid
101155.8,0.015,2024-12-14 01:17:19,Bid
101155.6,0.001,2024-12-14 01:17:19,Bid
101155.5,0.07,2024-12-14 01:17:19,Bid
101155.3,0.069,2024-12-14 01:17:19,Bid
101155.2,0.108,2024-12-14 01:17:19,Bid
101155.1,5.653,2024-12-14 01:17:19,Bid
101155.0,28.346,2024-12-14 01:17:19,Bid
101154.9,0.007,2024-12-14 01:17:19,Bid
101154.8,0.003,2024-12-14 01:17:19,Bid
101154.7,0.027,2024-12-14 01:17:19,Bid
101154.6,0.001,2024-12-14 01:17:19,Bid
101154.5,2.5,2024-12-14 01:17:19,Bid
101154.4,0.742,2024-12-14 01:17:19,Bid
101154.3,1.448,2024-12-14 01:17:19,Bid
101154.2,0.006,2024-12-14 01:17:19,Bid
101154.1,0.005,2024-12-14 01:17:19,Bid
101154.0,0.012,2024-12-14 01:17:19,Bid
101153.9,0.743,2024-12-14 01:17:19,Bid
101153.8,0.982,2024-12-14 01:17:19,Bid
101153.7,0.002,2024-12-14 01:17:19,Bid
101153.6,0.001,2024-12-14 01:17:19,Bid
101153.5,0.014,2024-12-14 01:17:19,Bid
101153.2,0.109,2024-12-14 01:17:19,Bid
101153.1,0.029,2024-12-14 01:17:19,Bid
101153.0,0.863,2024-12-14 01:17:19,Bid
101152.9,1.447,2024-12-14 01:17:19,Bid
101152.8,1.043,2024-12-14 01:17:19,Bid
101152.7,0.004,2024-12-14 01:17:19,Bid
101152.5,1.497,2024-12-14 01:17:19,Bid
101152.0,0.209,2024-12-14 01:17:19,Bid
101151.8,0.002,2024-12-14 01:17:19,Bid
101151.6,0.028,2024-12-14 01:17:19,Bid
101151.5,0.006,2024-12-14 01:17:19,Bid
101151.4,0.016,2024-12-14 01:17:19,Bid
101151.3,0.003,2024-12-14 01:17:19,Bid
101151.0,0.014,2024-12-14 01:17:19,Bid
101150.9,0.002,2024-12-14 01:17:19,Bid
101150.8,0.015,2024-12-14 01:17:19,Bid
101150.7,0.004,2024-12-14 01:17:19,Bid
101150.6,0.017,2024-12-14 01:17:19,Bid
101150.5,0.016,2024-12-14 01:17:19,Bid
101150.4,0.003,2024-12-14 01:17:19,Bid
101150.3,0.006,2024-12-14 01:17:19,Bid
101150.2,0.743,2024-12-14 01:17:19,Bid
101150.1,0.794,2024-12-14 01:17:19,Bid
101150.0,0.749,2024-12-14 01:17:19,Bid
101149.9,0.01,2024-12-14 01:17:19,Bid
101149.6,1.58,2024-12-14 01:17:19,Bid
101149.5,0.015,2024-12-14 01:17:19,Bid
101149.3,0.022,2024-12-14 01:17:19,Bid
101149.2,0.302,2024-12-14 01:17:19,Bid
101149.1,0.034,2024-12-14 01:17:19,Bid
101149.0,0.02,2024-12-14 01:17:19,Bid
101148.9,0.022,2024-12-14 01:17:19,Bid
101148.8,0.001,2024-12-14 01:17:19,Bid
101148.7,0.001,2024-12-14 01:17:19,Bid
101148.5,0.016,2024-12-14 01:17:19,Bid
101148.4,0.148,2024-12-14 01:17:19,Bid
101148.3,0.898,2024-12-14 01:17:19,Bid
101148.2,0.007,2024-12-14 01:17:19,Bid
101148.1,2.5,2024-12-14 01:17:19,Bid
101148.0,0.054,2024-12-14 01:17:19,Bid
101147.9,0.05,2024-12-14 01:17:19,Bid
101147.8,0.099,2024-12-14 01:17:19,Bid
101147.6,1.052,2024-12-14 01:17:19,Bid
101147.5,0.642,2024-12-14 01:17:19,Bid
101147.4,1.612,2024-12-14 01:17:19,Bid
101147.3,0.25,2024-12-14 01:17:19,Bid
101147.2,0.853,2024-12-14 01:17:19,Bid
101147.1,0.792,2024-12-14 01:17:19,Bid
101147.0,1.231,2024-12-14 01:17:19,Bid
101146.8,0.008,2024-12-14 01:17:19,Bid
101146.7,0.002,2024-12-14 01:17:19,Bid
101146.5,0.014,2024-12-14 01:17:19,Bid
101146.3,0.172,2024-12-14 01:17:19,Bid
101146.2,0.034,2024-12-14 01:17:19,Bid
101146.0,0.008,2024-12-14 01:17:19,Bid
101145.9,0.005,2024-12-14 01:17:19,Bid
101145.8,0.002,2024-12-14 01:17:19,Bid
101145.1,0.061,2024-12-14 01:17:19,Bid
101145.0,0.725,2024-12-14 01:17:19,Bid
101144.9,0.006,2024-12-14 01:17:19,Bid
101144.8,0.018,2024-12-14 01:17:19,Bid
101144.7,0.007,2024-12-14 01:17:19,Bid
101144.6,0.004,2024-12-14 01:17:19,Bid
101144.5,0.043,2024-12-14 01:17:19,Bid
101144.4,0.011,2024-12-14 01:17:19,Bid
101144.2,0.02,2024-12-14 01:17:19,Bid
101144.1,0.18,2024-12-14 01:17:19,Bid
101144.0,0.005,2024-12-14 01:17:19,Bid
101143.9,0.79,2024-12-14 01:17:19,Bid
101143.7,0.002,2024-12-14 01:17:19,Bid
101143.6,0.025,2024-12-14 01:17:19,Bid
101143.4,0.005,2024-12-14 01:17:19,Bid
101143.3,0.062,2024-12-14 01:17:19,Bid
101143.1,0.028,2024-12-14 01:17:19,Bid
101143.0,0.007,2024-12-14 01:17:19,Bid
101142.9,0.377,2024-12-14 01:17:19,Bid
101142.8,1.46,2024-12-14 01:17:19,Bid
101142.7,0.181,2024-12-14 01:17:19,Bid
101142.6,0.001,2024-12-14 01:17:19,Bid
101142.5,0.002,2024-12-14 01:17:19,Bid
101142.2,0.002,2024-12-14 01:17:19,Bid
101142.1,0.012,2024-12-14 01:17:19,Bid
101142.0,0.846,2024-12-14 01:17:19,Bid
101141.6,0.015,2024-12-14 01:17:19,Bid
101141.4,0.697,2024-12-14 01:17:19,Bid
101141.3,0.029,2024-12-14 01:17:19,Bid
101141.2,0.171,2024-12-14 01:17:19,Bid
101141.1,0.003,2024-12-14 01:17:19,Bid
101141.0,0.025,2024-12-14 01:17:19,Bid
101140.8,0.264,2024-12-14 01:17:19,Bid
101140.7,0.205,2024-12-14 01:17:19,Bid
101140.6,0.011,2024-12-14 01:17:19,Bid
101140.5,0.003,2024-12-14 01:17:19,Bid
101140.4,0.008,2024-12-14 01:17:19,Bid
101140.1,0.002,2024-12-14 01:17:19,Bid
101140.0,0.013,2024-12-14 01:17:19,Bid
101139.9,0.003,2024-12-14 01:17:19,Bid
101139.8,0.014,2024-12-14 01:17:19,Bid
101139.5,0.346,2024-12-14 01:17:19,Bid
101139.4,0.002,2024-12-14 01:17:19,Bid
101139.2,0.02,2024-12-14 01:17:19,Bid
101139.1,0.002,2024-12-14 01:17:19,Bid
101139.0,1.763,2024-12-14 01:17:19,Bid
101138.9,0.007,2024-12-14 01:17:19,Bid
101138.8,0.024,2024-12-14 01:17:19,Bid
101138.7,0.118,2024-12-14 01:17:19,Bid
101138.6,0.002,2024-12-14 01:17:19,Bid
101138.4,0.092,2024-12-14 01:17:19,Bid
101138.2,0.005,2024-12-14 01:17:19,Bid
101138.0,0.019,2024-12-14 01:17:19,Bid
101137.9,0.01,2024-12-14 01:17:19,Bid
101137.8,0.053,2024-12-14 01:17:19,Bid
101137.7,0.074,2024-12-14 01:17:19,Bid
101137.6,0.002,2024-12-14 01:17:19,Bid
101137.5,0.049,2024-12-14 01:17:19,Bid
101137.4,0.227,2024-12-14 01:17:19,Bid
101137.3,0.002,2024-12-14 01:17:19,Bid
101137.0,0.498,2024-12-14 01:17:19,Bid
101136.9,0.636,2024-12-14 01:17:19,Bid
101136.8,0.479,2024-12-14 01:17:19,Bid
101136.7,0.003,2024-12-14 01:17:19,Bid
101136.6,0.812,2024-12-14 01:17:19,Bid
101136.5,0.028,2024-12-14 01:17:19,Bid
101136.3,0.013,2024-12-14 01:17:19,Bid
101136.2,0.004,2024-12-14 01:17:19,Bid
101136.1,0.033,2024-12-14 01:17:19,Bid
101136.0,0.01,2024-12-14 01:17:19,Bid
101135.9,0.174,2024-12-14 01:17:19,Bid
101135.8,0.35,2024-12-14 01:17:19,Bid
101135.6,0.002,2024-12-14 01:17:19,Bid
101135.4,0.002,2024-12-14 01:17:19,Bid
101135.3,0.012,2024-12-14 01:17:19,Bid
101135.2,0.012,2024-12-14 01:17:19,Bid
101135.1,0.012,2024-12-14 01:17:19,Bid
101135.0,0.04,2024-12-14 01:17:19,Bid
101134.8,0.002,2024-12-14 01:17:19,Bid
101134.6,0.001,2024-12-14 01:17:19,Bid
101134.5,0.014,2024-12-14 01:17:19,Bid
101134.4,0.065,2024-12-14 01:17:19,Bid
101134.3,0.028,2024-12-14 01:17:19,Bid
101134.2,0.031,2024-12-14 01:17:19,Bid
101134.1,0.077,2024-12-14 01:17:19,Bid
101134.0,0.021,2024-12-14 01:17:19,Bid
101133.8,0.019,2024-12-14 01:17:19,Bid
101133.7,0.012,2024-12-14 01:17:19,Bid
101133.6,0.17,2024-12-14 01:17:19,Bid
101133.5,0.013,2024-12-14 01:17:19,Bid
101133.3,0.019,2024-12-14 01:17:19,Bid
101133.1,0.16,2024-12-14 01:17:19,Bid
101133.0,0.003,2024-12-14 01:17:19,Bid
101132.8,0.095,2024-12-14 01:17:19,Bid
101132.6,0.001,2024-12-14 01:17:19,Bid
101132.5,0.001,2024-12-14 01:17:19,Bid
101132.2,0.004,2024-12-14 01:17:19,Bid
101132.1,0.006,2024-12-14 01:17:19,Bid
101131.9,0.001,2024-12-14 01:17:19,Bid
101131.8,0.004,2024-12-14 01:17:19,Bid
101131.7,0.061,2024-12-14 01:17:19,Bid
101131.6,0.005,2024-12-14 01:17:19,Bid
101131.4,0.012,2024-12-14 01:17:19,Bid
101131.3,0.011,2024-12-14 01:17:19,Bid
101131.2,0.834,2024-12-14 01:17:19,Bid
101131.1,0.007,2024-12-14 01:17:19,Bid
101131.0,0.941,2024-12-14 01:17:19,Bid
101130.9,0.792,2024-12-14 01:17:19,Bid
101130.8,0.032,2024-12-14 01:17:19,Bid
101130.7,0.874,2024-12-14 01:17:19,Bid
101130.6,0.297,2024-12-14 01:17:19,Bid
101130.5,0.101,2024-12-14 01:17:19,Bid
101130.4,0.001,2024-12-14 01:17:19,Bid
101130.3,0.035,2024-12-14 01:17:19,Bid
101130.2,0.01,2024-12-14 01:17:19,Bid
101130.1,0.191,2024-12-14 01:17:19,Bid
101130.0,0.132,2024-12-14 01:17:19,Bid
101129.6,1.614,2024-12-14 01:17:19,Bid
101129.3,0.804,2024-12-14 01:17:19,Bid
101129.1,0.037,2024-12-14 01:17:19,Bid
101129.0,0.03,2024-12-14 01:17:19,Bid
101128.9,0.016,2024-12-14 01:17:19,Bid
101128.8,0.012,2024-12-14 01:17:19,Bid
101128.7,0.073,2024-12-14 01:17:19,Bid
101128.6,0.003,2024-12-14 01:17:19,Bid
101128.5,0.003,2024-12-14 01:17:19,Bid
101128.2,0.004,2024-12-14 01:17:19,Bid
101128.0,0.474,2024-12-14 01:17:19,Bid
101127.8,0.007,2024-12-14 01:17:19,Bid
101127.7,0.018,2024-12-14 01:17:19,Bid
101127.6,0.012,2024-12-14 01:17:19,Bid
101127.4,0.003,2024-12-14 01:17:19,Bid
101127.3,0.174,2024-12-14 01:17:19,Bid
101127.2,0.137,2024-12-14 01:17:19,Bid
101127.0,0.012,2024-12-14 01:17:19,Bid
101126.9,0.004,2024-12-14 01:17:19,Bid
101126.8,0.002,2024-12-14 01:17:19,Bid
101126.7,0.208,2024-12-14 01:17:19,Bid
101126.6,1.123,2024-12-14 01:17:19,Bid
101126.5,1.61,2024-12-14 01:17:19,Bid
101126.4,0.012,2024-12-14 01:17:19,Bid
101126.3,0.012,2024-12-14 01:17:19,Bid
101126.2,0.09,2024-12-14 01:17:19,Bid
101126.1,0.111,2024-12-14 01:17:19,Bid
101126.0,0.002,2024-12-14 01:17:19,Bid
101125.9,0.012,2024-12-14 01:17:19,Bid
101125.8,0.882,2024-12-14 01:17:19,Bid
101125.7,0.098,2024-12-14 01:17:19,Bid
101125.6,0.194,2024-12-14 01:17:19,Bid
101125.5,0.442,2024-12-14 01:17:19,Bid
101125.4,0.005,2024-12-14 01:17:19,Bid
101125.3,0.087,2024-12-14 01:17:19,Bid
101125.2,0.036,2024-12-14 01:17:19,Bid
101125.1,0.031,2024-12-14 01:17:19,Bid
101125.0,0.051,2024-12-14 01:17:19,Bid
101124.9,0.012,2024-12-14 01:17:19,Bid
101124.7,0.014,2024-12-14 01:17:19,Bid
101124.5,0.05,2024-12-14 01:17:19,Bid
101124.4,0.005,2024-12-14 01:17:19,Bid
101124.3,0.298,2024-12-14 01:17:19,Bid
101124.2,1.735,2024-12-14 01:17:19,Bid
101124.1,0.027,2024-12-14 01:17:19,Bid
101124.0,0.1,2024-12-14 01:17:19,Bid
101123.9,0.028,2024-12-14 01:17:19,Bid
101123.8,0.035,2024-12-14 01:17:19,Bid
101123.7,0.003,2024-12-14 01:17:19,Bid
101123.6,0.014,2024-12-14 01:17:19,Bid
101123.5,0.055,2024-12-14 01:17:19,Bid
101123.4,0.013,2024-12-14 01:17:19,Bid
101123.3,0.036,2024-12-14 01:17:19,Bid
101123.2,0.048,2024-12-14 01:17:19,Bid
101123.1,0.001,2024-12-14 01:17:19,Bid
101123.0,1.525,2024-12-14 01:17:19,Bid
101122.9,0.016,2024-12-14 01:17:19,Bid
101122.8,0.227,2024-12-14 01:17:19,Bid
101122.5,0.02,2024-12-14 01:17:19,Bid
101122.3,0.049,2024-12-14 01:17:19,Bid
101122.2,0.027,2024-12-14 01:17:19,Bid
101122.0,0.084,2024-12-14 01:17:19,Bid
101121.9,0.188,2024-12-14 01:17:19,Bid
101121.8,0.032,2024-12-14 01:17:19,Bid
101121.7,0.002,2024-12-14 01:17:19,Bid
101121.5,0.014,2024-12-14 01:17:19,Bid
101121.3,0.006,2024-12-14 01:17:19,Bid
101121.2,0.851,2024-12-14 01:17:19,Bid
101121.1,1.237,2024-12-14 01:17:19,Bid
101121.0,0.001,2024-12-14 01:17:19,Bid
101120.9,0.001,2024-12-14 01:17:19,Bid
101120.7,0.062,2024-12-14 01:17:19,Bid
101120.6,0.383,2024-12-14 01:17:19,Bid
101120.5,0.001,2024-12-14 01:17:19,Bid
101120.4,0.908,2024-12-14 01:17:19,Bid
101120.3,0.006,2024-12-14 01:17:19,Bid
101120.2,0.012,2024-12-14 01:17:19,Bid
101120.0,0.039,2024-12-14 01:17:19,Bid
101119.8,0.543,2024-12-14 01:17:19,Bid
101119.7,0.041,2024-12-14 01:17:19,Bid
101119.4,0.005,2024-12-14 01:17:19,Bid
101119.3,0.032,2024-12-14 01:17:19,Bid
101119.2,0.071,2024-12-14 01:17:19,Bid
101119.1,0.007,2024-12-14 01:17:19,Bid
101119.0,0.033,2024-12-14 01:17:19,Bid
101118.9,0.188,2024-12-14 01:17:19,Bid
101118.8,0.699,2024-12-14 01:17:19,Bid
101118.7,0.034,2024-12-14 01:17:19,Bid
101118.6,0.161,2024-12-14 01:17:19,Bid
101118.5,3.44,2024-12-14 01:17:19,Bid
101118.4,0.051,2024-12-14 01:17:19,Bid
101118.3,0.035,2024-12-14 01:17:19,Bid
101118.2,0.051,2024-12-14 01:17:19,Bid
101118.1,0.075,2024-12-14 01:17:19,Bid
101118.0,0.887,2024-12-14 01:17:19,Bid
101117.9,0.021,2024-12-14 01:17:19,Bid
101117.8,0.029,2024-12-14 01:17:19,Bid
101117.7,0.039,2024-12-14 01:17:19,Bid
101117.6,0.002,2024-12-14 01:17:19,Bid
101117.5,0.171,2024-12-14 01:17:19,Bid
101117.3,0.003,2024-12-14 01:17:19,Bid
101117.2,0.09,2024-12-14 01:17:19,Bid
101117.0,1.038,2024-12-14 01:17:19,Bid
101116.9,0.281,2024-12-14 01:17:19,Bid
101116.8,0.013,2024-12-14 01:17:19,Bid
101116.7,0.16,2024-12-14 01:17:19,Bid
101116.6,0.37,2024-12-14 01:17:19,Bid
101116.5,0.008,2024-12-14 01:17:19,Bid
101116.4,0.001,2024-12-14 01:17:19,Bid
101116.3,0.007,2024-12-14 01:17:19,Bid
101116.2,0.867,2024-12-14 01:17:19,Bid
101116.1,0.111,2024-12-14 01:17:19,Bid
101116.0,0.054,2024-12-14 01:17:19,Bid
101115.9,0.002,2024-12-14 01:17:19,Bid
101115.8,0.448,2024-12-14 01:17:19,Bid
101115.7,0.005,2024-12-14 01:17:19,Bid
101115.5,1.521,2024-12-14 01:17:19,Bid
101115.3,0.015,2024-12-14 01:17:19,Bid
101115.2,0.095,2024-12-14 01:17:19,Bid
101115.1,0.003,2024-12-14 01:17:19,Bid
101115.0,0.02,2024-12-14 01:17:19,Bid
101114.8,0.012,2024-12-14 01:17:19,Bid
101114.6,0.002,2024-12-14 01:17:19,Bid
101114.5,0.583,2024-12-14 01:17:19,Bid
101114.4,0.152,2024-12-14 01:17:19,Bid
101114.2,0.009,2024-12-14 01:17:19,Bid
101114.1,0.204,2024-12-14 01:17:19,Bid
101114.0,0.005,2024-12-14 01:17:19,Bid
101113.8,0.003,2024-12-14 01:17:19,Bid
101113.7,0.459,2024-12-14 01:17:19,Bid
101113.6,0.003,2024-12-14 01:17:19,Bid
101113.5,0.414,2024-12-14 01:17:19,Bid
101113.3,0.002,2024-12-14 01:17:19,Bid
101113.2,0.084,2024-12-14 01:17:19,Bid
101113.1,0.015,2024-12-14 01:17:19,Bid
101113.0,0.012,2024-12-14 01:17:19,Bid
101112.9,0.05,2024-12-14 01:17:19,Bid
101112.8,1.806,2024-12-14 01:17:19,Bid
101112.6,0.001,2024-12-14 01:17:19,Bid
101112.5,1.083,2024-12-14 01:17:19,Bid
101112.4,1.461,2024-12-14 01:17:19,Bid
101112.2,0.017,2024-12-14 01:17:19,Bid
101112.1,0.615,2024-12-14 01:17:19,Bid
101111.9,0.015,2024-12-14 01:17:19,Bid
101111.7,0.204,2024-12-14 01:17:19,Bid
101111.5,0.014,2024-12-14 01:17:19,Bid
101111.4,0.018,2024-12-14 01:17:19,Bid
101111.3,0.004,2024-12-14 01:17:19,Bid
101111.2,0.691,2024-12-14 01:17:19,Bid
101111.1,0.701,2024-12-14 01:17:19,Bid
101111.0,0.465,2024-12-14 01:17:19,Bid
101110.9,0.002,2024-12-14 01:17:19,Bid
101110.7,0.006,2024-12-14 01:17:19,Bid
101110.6,0.018,2024-12-14 01:17:19,Bid
101110.5,0.014,2024-12-14 01:17:19,Bid
101110.4,0.013,2024-12-14 01:17:19,Bid
101110.3,0.018,2024-12-14 01:17:19,Bid
101110.2,0.094,2024-12-14 01:17:19,Bid
101110.1,0.01,2024-12-14 01:17:19,Bid
101110.0,0.005,2024-12-14 01:17:19,Bid
101109.9,0.02,2024-12-14 01:17:19,Bid
101109.8,0.004,2024-12-14 01:17:19,Bid
101109.7,0.007,2024-12-14 01:17:19,Bid
101109.6,0.056,2024-12-14 01:17:19,Bid
101109.5,0.593,2024-12-14 01:17:19,Bid
101109.4,2.001,2024-12-14 01:17:19,Bid
101109.3,0.017,2024-12-14 01:17:19,Bid
101109.1,0.002,2024-12-14 01:17:19,Bid
101109.0,0.412,2024-12-14 01:17:19,Bid
101108.9,0.02,2024-12-14 01:17:19,Bid
101108.8,0.014,2024-12-14 01:17:19,Bid
101108.7,0.001,2024-12-14 01:17:19,Bid
101108.6,0.015,2024-12-14 01:17:19,Bid
101108.5,0.016,2024-12-14 01:17:19,Bid
101108.4,0.013,2024-12-14 01:17:19,Bid
101108.0,0.371,2024-12-14 01:17:19,Bid
101107.9,0.034,2024-12-14 01:17:19,Bid
101107.8,0.189,2024-12-14 01:17:19,Bid
101107.4,0.066,2024-12-14 01:17:19,Bid
101107.2,0.504,2024-12-14 01:17:19,Bid
101107.1,2.176,2024-12-14 01:17:19,Bid
101107.0,3.042,2024-12-14 01:17:19,Bid
101106.9,0.018,2024-12-14 01:17:19,Bid
101106.6,0.001,2024-12-14 01:17:19,Bid
101106.5,0.021,2024-12-14 01:17:19,Bid
101106.3,0.001,2024-12-14 01:17:19,Bid
101106.2,0.001,2024-12-14 01:17:19,Bid
101106.1,0.275,2024-12-14 01:17:19,Bid
101106.0,1.767,2024-12-14 01:17:19,Bid
101105.9,0.36,2024-12-14 01:17:19,Bid
101105.8,0.751,2024-12-14 01:17:19,Bid
101105.7,0.191,2024-12-14 01:17:19,Bid
101105.6,0.172,2024-12-14 01:17:19,Bid
101105.4,0.034,2024-12-14 01:17:19,Bid
101105.2,0.003,2024-12-14 01:17:19,Bid
101105.1,0.002,2024-12-14 01:17:19,Bid
101104.8,0.012,2024-12-14 01:17:19,Bid
101104.5,0.569,2024-12-14 01:17:19,Bid
101104.4,0.016,2024-12-14 01:17:19,Bid
101104.3,0.004,2024-12-14 01:17:19,Bid
101104.2,0.015,2024-12-14 01:17:19,Bid
101104.1,1.327,2024-12-14 01:17:19,Bid
101104.0,0.002,2024-12-14 01:17:19,Bid
101103.8,0.099,2024-12-14 01:17:19,Bid
101103.7,0.001,2024-12-14 01:17:19,Bid
101103.6,0.002,2024-12-14 01:17:19,Bid
101103.5,0.004,2024-12-14 01:17:19,Bid
101103.3,0.009,2024-12-14 01:17:19,Bid
101103.2,2.25,2024-12-14 01:17:19,Bid
101103.1,0.049,2024-12-14 01:17:19,Bid
101103.0,0.002,2024-12-14 01:17:19,Bid
101102.9,0.055,2024-12-14 01:17:19,Bid
101102.8,0.003,2024-12-14 01:17:19,Bid
101102.6,1.428,2024-12-14 01:17:19,Bid
101102.4,0.002,2024-12-14 01:17:19,Bid
101102.3,0.26,2024-12-14 01:17:19,Bid
101102.0,0.174,2024-12-14 01:17:19,Bid
101101.8,0.008,2024-12-14 01:17:19,Bid
101101.6,0.107,2024-12-14 01:17:19,Bid
101101.5,0.006,2024-12-14 01:17:19,Bid
101101.4,0.008,2024-12-14 01:17:19,Bid
101101.1,1.096,2024-12-14 01:17:19,Bid
101101.0,0.03,2024-12-14 01:17:19,Bid
101100.9,0.002,2024-12-14 01:17:19,Bid
101100.8,0.001,2024-12-14 01:17:19,Bid
101100.7,1.187,2024-12-14 01:17:19,Bid
101100.6,0.002,2024-12-14 01:17:19,Bid
101100.5,0.066,2024-12-14 01:17:19,Bid
101100.4,0.062,2024-12-14 01:17:19,Bid
101100.3,0.766,2024-12-14 01:17:19,Bid
101100.2,0.002,2024-12-14 01:17:19,Bid
101100.1,2.037,2024-12-14 01:17:19,Bid
101100.0,2.938,2024-12-14 01:17:19,Bid
101099.9,0.011,2024-12-14 01:17:19,Bid
101099.8,0.121,2024-12-14 01:17:19,Bid
101099.7,1.814,2024-12-14 01:17:19,Bid
101099.6,0.021,2024-12-14 01:17:19,Bid
101099.5,0.006,2024-12-14 01:17:19,Bid
101099.3,0.494,2024-12-14 01:17:19,Bid
101099.2,0.361,2024-12-14 01:17:19,Bid
101099.0,0.067,2024-12-14 01:17:19,Bid
101098.9,0.005,2024-12-14 01:17:19,Bid
101098.8,0.015,2024-12-14 01:17:19,Bid
101098.6,0.002,2024-12-14 01:17:19,Bid
101098.5,0.016,2024-12-14 01:17:19,Bid
101098.4,0.1,2024-12-14 01:17:19,Bid
101098.3,0.002,2024-12-14 01:17:19,Bid
101098.2,0.092,2024-12-14 01:17:19,Bid
101098.0,0.245,2024-12-14 01:17:19,Bid
101097.9,0.018,2024-12-14 01:17:19,Bid
101097.8,0.055,2024-12-14 01:17:19,Bid
101097.7,0.004,2024-12-14 01:17:19,Bid
101097.6,0.002,2024-12-14 01:17:19,Bid
101097.5,0.03,2024-12-14 01:17:19,Bid
101097.4,0.01,2024-12-14 01:17:19,Bid
101097.2,1.168,2024-12-14 01:17:19,Bid
101097.1,1.287,2024-12-14 01:17:19,Bid
101096.9,0.061,2024-12-14 01:17:19,Bid
101096.8,0.004,2024-12-14 01:17:19,Bid
101096.7,0.293,2024-12-14 01:17:19,Bid
101096.6,0.017,2024-12-14 01:17:19,Bid
101096.5,0.054,2024-12-14 01:17:19,Bid
101096.4,0.188,2024-12-14 01:17:19,Bid
101096.2,0.018,2024-12-14 01:17:19,Bid
101096.1,0.011,2024-12-14 01:17:19,Bid
101096.0,0.043,2024-12-14 01:17:19,Bid
101095.9,0.002,2024-12-14 01:17:19,Bid
101095.8,0.009,2024-12-14 01:17:19,Bid
101095.4,0.582,2024-12-14 01:17:19,Bid
101095.2,0.402,2024-12-14 01:17:19,Bid
101095.0,0.001,2024-12-14 01:17:19,Bid
101094.9,0.068,2024-12-14 01:17:19,Bid
101094.8,0.012,2024-12-14 01:17:19,Bid
101094.7,0.055,2024-12-14 01:17:19,Bid
101094.6,0.006,2024-12-14 01:17:19,Bid
101094.3,0.02,2024-12-14 01:17:19,Bid
101094.2,0.071,2024-12-14 01:17:19,Bid
101094.1,0.001,2024-12-14 01:17:19,Bid
101094.0,0.005,2024-12-14 01:17:19,Bid
101093.9,0.103,2024-12-14 01:17:19,Bid
101093.8,0.001,2024-12-14 01:17:19,Bid
101093.7,0.043,2024-12-14 01:17:19,Bid
101093.6,0.003,2024-12-14 01:17:19,Bid
101093.5,0.002,2024-12-14 01:17:19,Bid
101093.4,0.112,2024-12-14 01:17:19,Bid
101093.3,0.098,2024-12-14 01:17:19,Bid
101093.2,0.016,2024-12-14 01:17:19,Bid
101093.1,0.006,2024-12-14 01:17:19,Bid
101093.0,0.03,2024-12-14 01:17:19,Bid
101092.9,0.353,2024-12-14 01:17:19,Bid
101092.8,0.015,2024-12-14 01:17:19,Bid
101092.6,0.296,2024-12-14 01:17:19,Bid
101092.5,0.194,2024-12-14 01:17:19,Bid
101092.4,1.504,2024-12-14 01:17:19,Bid
101092.3,0.001,2024-12-14 01:17:19,Bid
101092.2,0.001,2024-12-14 01:17:19,Bid
101092.1,0.058,2024-12-14 01:17:19,Bid
101092.0,0.009,2024-12-14 01:17:19,Bid
101091.9,0.01,2024-12-14 01:17:19,Bid
101091.8,0.002,2024-12-14 01:17:19,Bid
101091.7,0.092,2024-12-14 01:17:19,Bid
101091.6,0.081,2024-12-14 01:17:19,Bid
101091.5,0.044,2024-12-14 01:17:19,Bid
101091.1,0.005,2024-12-14 01:17:19,Bid
101090.9,0.017,2024-12-14 01:17:19,Bid
101090.8,0.097,2024-12-14 01:17:19,Bid
101090.7,0.071,2024-12-14 01:17:19,Bid
101090.6,0.025,2024-12-14 01:17:19,Bid
101090.5,0.058,2024-12-14 01:17:19,Bid
101090.4,0.002,2024-12-14 01:17:19,Bid
101090.3,0.047,2024-12-14 01:17:19,Bid
101090.2,0.057,2024-12-14 01:17:19,Bid
101090.1,0.627,2024-12-14 01:17:19,Bid
101090.0,0.305,2024-12-14 01:17:19,Bid
101089.9,0.055,2024-12-14 01:17:19,Bid
101089.8,0.043,2024-12-14 01:17:19,Bid
101089.6,0.296,2024-12-14 01:17:19,Bid
101089.5,0.008,2024-12-14 01:17:19,Bid
101089.2,0.014,2024-12-14 01:17:19,Bid
101089.1,0.004,2024-12-14 01:17:19,Bid
101089.0,0.011,2024-12-14 01:17:19,Bid
101088.8,0.044,2024-12-14 01:17:19,Bid
101088.5,0.374,2024-12-14 01:17:19,Bid
101088.4,0.004,2024-12-14 01:17:19,Bid
101088.3,0.402,2024-12-14 01:17:19,Bid
101088.2,0.338,2024-12-14 01:17:19,Bid
101088.1,0.159,2024-12-14 01:17:19,Bid
101088.0,0.08,2024-12-14 01:17:19,Bid
101087.9,0.042,2024-12-14 01:17:19,Bid
101087.8,0.019,2024-12-14 01:17:19,Bid
101087.7,0.944,2024-12-14 01:17:19,Bid
101087.6,0.03,2024-12-14 01:17:19,Bid
101087.5,0.011,2024-12-14 01:17:19,Bid
101087.4,0.165,2024-12-14 01:17:19,Bid
101087.3,0.056,2024-12-14 01:17:19,Bid
101087.2,0.027,2024-12-14 01:17:19,Bid
101087.1,0.747,2024-12-14 01:17:19,Bid
101087.0,0.278,2024-12-14 01:17:19,Bid
101086.9,2.521,2024-12-14 01:17:19,Bid
101086.6,0.264,2024-12-14 01:17:19,Bid
101086.3,0.048,2024-12-14 01:17:19,Bid
101086.1,0.196,2024-12-14 01:17:19,Bid
101086.0,0.003,2024-12-14 01:17:19,Bid
101085.9,0.001,2024-12-14 01:17:19,Bid
101085.8,0.09,2024-12-14 01:17:19,Bid
101085.7,0.004,2024-12-14 01:17:19,Bid
101085.6,0.009,2024-12-14 01:17:19,Bid
101085.5,0.143,2024-12-14 01:17:19,Bid
101085.4,0.214,2024-12-14 01:17:19,Bid
101085.3,0.006,2024-12-14 01:17:19,Bid
101085.2,0.109,2024-12-14 01:17:19,Bid
101085.0,0.101,2024-12-14 01:17:19,Bid
101084.9,0.065,2024-12-14 01:17:19,Bid
101084.7,0.07,2024-12-14 01:17:19,Bid
101084.6,0.15,2024-12-14 01:17:19,Bid
101084.5,0.35,2024-12-14 01:17:19,Bid
101084.4,4.014,2024-12-14 01:17:19,Bid
101084.3,0.001,2024-12-14 01:17:19,Bid
101084.2,0.034,2024-12-14 01:17:19,Bid
101084.1,0.008,2024-12-14 01:17:19,Bid
101084.0,0.002,2024-12-14 01:17:19,Bid
101083.9,0.064,2024-12-14 01:17:19,Bid
101083.8,0.052,2024-12-14 01:17:19,Bid
101083.7,0.222,2024-12-14 01:17:19,Bid
101083.5,0.054,2024-12-14 01:17:19,Bid
101083.3,0.043,2024-12-14 01:17:19,Bid
101083.0,0.055,2024-12-14 01:17:19,Bid
101082.9,0.416,2024-12-14 01:17:19,Bid
101082.8,1.197,2024-12-14 01:17:19,Bid
101082.7,0.449,2024-12-14 01:17:19,Bid
101082.6,0.099,2024-12-14 01:17:19,Bid
101082.5,0.042,2024-12-14 01:17:19,Bid
101082.3,0.138,2024-12-14 01:17:19,Bid
101082.2,1.425,2024-12-14 01:17:19,Bid
101082.0,0.056,2024-12-14 01:17:19,Bid
101081.9,0.126,2024-12-14 01:17:19,Bid
101081.8,0.056,2024-12-14 01:17:19,Bid
101081.6,0.095,2024-12-14 01:17:19,Bid
101081.5,1.213,2024-12-14 01:17:19,Bid
101081.4,0.057,2024-12-14 01:17:19,Bid
101081.2,0.21,2024-12-14 01:17:19,Bid
101081.1,2.292,2024-12-14 01:17:19,Bid
101081.0,0.015,2024-12-14 01:17:19,Bid
101080.9,0.059,2024-12-14 01:17:19,Bid
101080.8,0.004,2024-12-14 01:17:19,Bid
101080.7,0.145,2024-12-14 01:17:19,Bid
101080.6,0.001,2024-12-14 01:17:19,Bid
101080.4,0.153,2024-12-14 01:17:19,Bid
101080.3,0.001,2024-12-14 01:17:19,Bid
101080.2,0.049,2024-12-14 01:17:19,Bid
101080.1,0.09,2024-12-14 01:17:19,Bid
101080.0,2.146,2024-12-14 01:17:19,Bid
101079.9,0.204,2024-12-14 01:17:19,Bid
101079.8,0.002,2024-12-14 01:17:19,Bid
101079.7,0.05,2024-12-14 01:17:19,Bid
101079.6,0.099,2024-12-14 01:17:19,Bid
101079.3,0.174,2024-12-14 01:17:19,Bid
101079.1,0.099,2024-12-14 01:17:19,Bid
101079.0,0.055,2024-12-14 01:17:19,Bid
101078.8,0.055,2024-12-14 01:17:19,Bid
101078.7,0.002,2024-12-14 01:17:19,Bid
101078.6,0.001,2024-12-14 01:17:19,Bid
101078.5,0.077,2024-12-14 01:17:19,Bid
101078.4,0.114,2024-12-14 01:17:19,Bid
101078.3,0.056,2024-12-14 01:17:19,Bid
101078.2,0.012,2024-12-14 01:17:19,Bid
101078.0,0.003,2024-12-14 01:17:19,Bid
101077.9,0.003,2024-12-14 01:17:19,Bid
101077.8,0.055,2024-12-14 01:17:19,Bid
101077.7,0.062,2024-12-14 01:17:19,Bid
101077.6,0.004,2024-12-14 01:17:19,Bid
101077.5,0.058,2024-12-14 01:17:19,Bid
101077.4,0.416,2024-12-14 01:17:19,Bid
101077.3,0.099,2024-12-14 01:17:19,Bid
101077.2,0.016,2024-12-14 01:17:19,Bid
101077.1,0.002,2024-12-14 01:17:19,Bid
101077.0,0.001,2024-12-14 01:17:19,Bid
101076.9,0.002,2024-12-14 01:17:19,Bid
101076.7,0.058,2024-12-14 01:17:19,Bid
101076.6,0.043,2024-12-14 01:17:19,Bid
101076.5,0.05,2024-12-14 01:17:19,Bid
101076.4,0.099,2024-12-14 01:17:19,Bid
101076.3,0.029,2024-12-14 01:17:19,Bid
101076.2,0.025,2024-12-14 01:17:19,Bid
101076.1,0.746,2024-12-14 01:17:19,Bid
101076.0,0.009,2024-12-14 01:17:19,Bid
101075.9,0.275,2024-12-14 01:17:19,Bid
101075.8,0.055,2024-12-14 01:17:19,Bid
101075.7,0.056,2024-12-14 01:17:19,Bid
101075.4,0.045,2024-12-14 01:17:19,Bid
101075.3,0.046,2024-12-14 01:17:19,Bid
101075.2,0.935,2024-12-14 01:17:19,Bid
101075.1,0.006,2024-12-14 01:17:19,Bid
101075.0,0.029,2024-12-14 01:17:19,Bid
101074.9,0.05,2024-12-14 01:17:19,Bid
101074.8,0.133,2024-12-14 01:17:19,Bid
101074.7,0.056,2024-12-14 01:17:19,Bid
101074.6,0.106,2024-12-14 01:17:19,Bid
101074.5,0.04,2024-12-14 01:17:19,Bid
101074.4,0.05,2024-12-14 01:17:19,Bid
101074.3,0.001,2024-12-14 01:17:19,Bid
101074.2,0.056,2024-12-14 01:17:19,Bid
101074.1,0.108,2024-12-14 01:17:19,Bid
101074.0,0.001,2024-12-14 01:17:19,Bid
101073.9,0.01,2024-12-14 01:17:19,Bid
101073.8,0.042,2024-12-14 01:17:19,Bid
101073.7,0.107,2024-12-14 01:17:19,Bid
101073.6,0.056,2024-12-14 01:17:19,Bid
101073.5,0.105,2024-12-14 01:17:19,Bid
101073.4,0.373,2024-12-14 01:17:19,Bid
101073.3,0.055,2024-12-14 01:17:19,Bid
101073.1,0.311,2024-12-14 01:17:19,Bid
101073.0,0.003,2024-12-14 01:17:19,Bid
101072.7,0.024,2024-12-14 01:17:19,Bid
101072.6,0.174,2024-12-14 01:17:19,Bid
101072.5,0.36,2024-12-14 01:17:19,Bid
101072.4,0.112,2024-12-14 01:17:19,Bid
101072.3,0.029,2024-12-14 01:17:19,Bid
101072.2,0.118,2024-12-14 01:17:19,Bid
101072.1,0.038,2024-12-14 01:17:19,Bid
101072.0,1.537,2024-12-14 01:17:19,Bid
101071.9,0.124,2024-12-14 01:17:19,Bid
101071.8,0.27,2024-12-14 01:17:19,Bid
101071.7,4.959,2024-12-14 01:17:19,Bid
101071.6,0.056,2024-12-14 01:17:19,Bid
101071.5,0.053,2024-12-14 01:17:19,Bid
101071.4,0.102,2024-12-14 01:17:19,Bid
101071.3,0.64,2024-12-14 01:17:19,Bid
101071.2,3.324,2024-12-14 01:17:19,Bid
101071.0,1.565,2024-12-14 01:17:19,Bid
101070.9,0.099,2024-12-14 01:17:19,Bid
101070.8,0.263,2024-12-14 01:17:19,Bid
101070.7,7.17,2024-12-14 01:17:19,Bid
101070.6,0.039,2024-12-14 01:17:19,Bid
101070.5,0.095,2024-12-14 01:17:19,Bid
101070.3,0.112,2024-12-14 01:17:19,Bid
101070.2,0.015,2024-12-14 01:17:19,Bid
101070.1,0.098,2024-12-14 01:17:19,Bid
101070.0,0.014,2024-12-14 01:17:19,Bid
101069.9,0.067,2024-12-14 01:17:19,Bid
101069.8,0.152,2024-12-14 01:17:19,Bid
101069.7,0.055,2024-12-14 01:17:19,Bid
101069.6,0.057,2024-12-14 01:17:19,Bid
101069.5,0.117,2024-12-14 01:17:19,Bid
101069.4,0.053,2024-12-14 01:17:19,Bid
101069.2,0.077,2024-12-14 01:17:19,Bid
101069.1,0.057,2024-12-14 01:17:19,Bid
101068.9,0.064,2024-12-14 01:17:19,Bid
101068.7,0.002,2024-12-14 01:17:19,Bid
101068.6,1.403,2024-12-14 01:17:19,Bid
101068.5,0.001,2024-12-14 01:17:19,Bid
101068.3,0.055,2024-12-14 01:17:19,Bid
101068.2,0.154,2024-12-14 01:17:19,Bid
101068.1,0.001,2024-12-14 01:17:19,Bid
101068.0,0.096,2024-12-14 01:17:19,Bid
101067.9,0.002,2024-12-14 01:17:19,Bid
101067.8,0.026,2024-12-14 01:17:19,Bid
101067.7,0.186,2024-12-14 01:17:19,Bid
101067.6,0.01,2024-12-14 01:17:19,Bid
101067.5,0.133,2024-12-14 01:17:19,Bid
101067.4,1.726,2024-12-14 01:17:19,Bid
101067.3,0.127,2024-12-14 01:17:19,Bid
101067.0,0.105,2024-12-14 01:17:19,Bid
101066.9,0.002,2024-12-14 01:17:19,Bid
101066.8,0.012,2024-12-14 01:17:19,Bid
101066.7,0.003,2024-12-14 01:17:19,Bid
101066.6,0.025,2024-12-14 01:17:19,Bid
101066.4,0.05,2024-12-14 01:17:19,Bid
101066.1,0.01,2024-12-14 01:17:19,Bid
101066.0,0.003,2024-12-14 01:17:19,Bid
101065.8,0.002,2024-12-14 01:17:19,Bid
101065.7,0.05,2024-12-14 01:17:19,Bid
101065.6,0.055,2024-12-14 01:17:19,Bid
101065.5,0.095,2024-12-14 01:17:19,Bid
101065.4,0.081,2024-12-14 01:17:19,Bid
101065.3,0.096,2024-12-14 01:17:19,Bid
101065.2,0.032,2024-12-14 01:17:19,Bid
101065.1,0.057,2024-12-14 01:17:19,Bid
101065.0,0.131,2024-12-14 01:17:19,Bid
101064.9,0.004,2024-12-14 01:17:19,Bid
101064.8,0.291,2024-12-14 01:17:19,Bid
101064.7,0.098,2024-12-14 01:17:19,Bid
101064.6,0.05,2024-12-14 01:17:19,Bid
101064.3,0.001,2024-12-14 01:17:19,Bid
101064.2,0.056,2024-12-14 01:17:19,Bid
101064.1,0.042,2024-12-14 01:17:19,Bid
101063.9,0.494,2024-12-14 01:17:19,Bid
101063.8,1.339,2024-12-14 01:17:19,Bid
101063.6,0.001,2024-12-14 01:17:19,Bid
101063.5,0.101,2024-12-14 01:17:19,Bid
101063.3,1.043,2024-12-14 01:17:19,Bid
101063.2,0.006,2024-12-14 01:17:19,Bid
101062.9,0.781,2024-12-14 01:17:19,Bid
101062.8,0.069,2024-12-14 01:17:19,Bid
101062.7,0.108,2024-12-14 01:17:19,Bid
101062.6,0.058,2024-12-14 01:17:19,Bid
101062.5,0.086,2024-12-14 01:17:19,Bid
101062.4,0.229,2024-12-14 01:17:19,Bid
101062.3,0.055,2024-12-14 01:17:19,Bid
101062.0,0.05,2024-12-14 01:17:19,Bid
101061.9,0.104,2024-12-14 01:17:19,Bid
101061.8,1.63,2024-12-14 01:17:19,Bid
101061.7,0.039,2024-12-14 01:17:19,Bid
101061.6,0.087,2024-12-14 01:17:19,Bid
101061.5,0.002,2024-12-14 01:17:19,Bid
101061.3,0.055,2024-12-14 01:17:19,Bid
101061.2,0.002,2024-12-14 01:17:19,Bid
101061.1,0.15,2024-12-14 01:17:19,Bid
101061.0,0.002,2024-12-14 01:17:19,Bid
101060.8,0.4,2024-12-14 01:17:19,Bid
101060.7,0.003,2024-12-14 01:17:19,Bid
101060.6,0.007,2024-12-14 01:17:19,Bid
101060.5,0.011,2024-12-14 01:17:19,Bid
101060.3,0.028,2024-12-14 01:17:19,Bid
101060.2,0.001,2024-12-14 01:17:19,Bid
101060.0,0.618,2024-12-14 01:17:19,Bid
101059.9,0.087,2024-12-14 01:17:19,Bid
101059.8,0.068,2024-12-14 01:17:19,Bid
101059.7,0.72,2024-12-14 01:17:19,Bid
101059.6,0.001,2024-12-14 01:17:19,Bid
101059.5,0.113,2024-12-14 01:17:19,Bid
101059.3,0.049,2024-12-14 01:17:19,Bid
101059.2,0.156,2024-12-14 01:17:19,Bid
101059.1,1.778,2024-12-14 01:17:19,Bid
101059.0,0.013,2024-12-14 01:17:19,Bid
101058.9,0.11,2024-12-14 01:17:19,Bid
101058.8,2.25,2024-12-14 01:17:19,Bid
101058.7,0.1,2024-12-14 01:17:19,Bid
101058.6,0.004,2024-12-14 01:17:19,Bid
101058.5,0.001,2024-12-14 01:17:19,Bid
101058.4,0.001,2024-12-14 01:17:19,Bid
101058.3,0.145,2024-12-14 01:17:19,Bid
101058.2,0.14,2024-12-14 01:17:19,Bid
101058.1,0.005,2024-12-14 01:17:19,Bid
101058.0,0.026,2024-12-14 01:17:19,Bid
101057.9,0.4,2024-12-14 01:17:19,Bid
101057.6,5.528,2024-12-14 01:17:19,Bid
101057.5,0.078,2024-12-14 01:17:19,Bid
101057.4,0.9,2024-12-14 01:17:19,Bid
101057.3,0.078,2024-12-14 01:17:19,Bid
101057.1,0.006,2024-12-14 01:17:19,Bid
101057.0,0.001,2024-12-14 01:17:19,Bid
101056.9,0.161,2024-12-14 01:17:19,Bid
101056.8,0.169,2024-12-14 01:17:19,Bid
101056.7,0.042,2024-12-14 01:17:19,Bid
101056.6,0.002,2024-12-14 01:17:19,Bid
101056.5,0.005,2024-12-14 01:17:19,Bid
101056.4,0.133,2024-12-14 01:17:19,Bid
101056.3,0.096,2024-12-14 01:17:19,Bid
101056.2,0.006,2024-12-14 01:17:19,Bid
101056.1,0.083,2024-12-14 01:17:19,Bid
101056.0,0.181,2024-12-14 01:17:19,Bid
101055.9,0.082,2024-12-14 01:17:19,Bid
101055.8,0.52,2024-12-14 01:17:19,Bid
101055.6,0.423,2024-12-14 01:17:19,Bid
101055.5,0.005,2024-12-14 01:17:19,Bid
101055.4,0.081,2024-12-14 01:17:19,Bid
101055.3,0.074,2024-12-14 01:17:19,Bid
101055.2,0.284,2024-12-14 01:17:19,Bid
101055.1,0.001,2024-12-14 01:17:19,Bid
101055.0,0.059,2024-12-14 01:17:19,Bid
101054.8,0.001,2024-12-14 01:17:19,Bid
101054.7,0.001,2024-12-14 01:17:19,Bid
101054.6,0.05,2024-12-14 01:17:19,Bid
101054.5,0.824,2024-12-14 01:17:19,Bid
101054.4,0.159,2024-12-14 01:17:19,Bid
101054.3,0.106,2024-12-14 01:17:19,Bid
101054.2,0.325,2024-12-14 01:17:19,Bid
101054.0,0.003,2024-12-14 01:17:19,Bid
101053.8,0.135,2024-12-14 01:17:19,Bid
101053.6,0.002,2024-12-14 01:17:19,Bid
101053.5,0.043,2024-12-14 01:17:19,Bid
101053.4,0.018,2024-12-14 01:17:19,Bid
101053.3,0.013,2024-12-14 01:17:19,Bid
101053.2,0.179,2024-12-14 01:17:19,Bid
101053.1,0.372,2024-12-14 01:17:19,Bid
101053.0,0.18,2024-12-14 01:17:19,Bid
101052.9,0.095,2024-12-14 01:17:19,Bid
101052.7,0.221,2024-12-14 01:17:19,Bid
101052.6,0.003,2024-12-14 01:17:19,Bid
101052.5,0.279,2024-12-14 01:17:19,Bid
101052.4,0.164,2024-12-14 01:17:19,Bid
101052.3,0.134,2024-12-14 01:17:19,Bid
101052.2,0.259,2024-12-14 01:17:19,Bid
101052.1,0.179,2024-12-14 01:17:19,Bid
101052.0,0.02,2024-12-14 01:17:19,Bid
101051.9,0.018,2024-12-14 01:17:19,Bid
101051.7,0.224,2024-12-14 01:17:19,Bid
101051.6,1.475,2024-12-14 01:17:19,Bid
101051.5,0.052,2024-12-14 01:17:19,Bid
101051.4,0.18,2024-12-14 01:17:19,Bid
101051.1,0.16,2024-12-14 01:17:19,Bid
101051.0,0.758,2024-12-14 01:17:19,Bid
101050.9,2.58,2024-12-14 01:17:19,Bid
101050.8,0.162,2024-12-14 01:17:19,Bid
101050.7,0.079,2024-12-14 01:17:19,Bid
101050.5,0.187,2024-12-14 01:17:19,Bid
101050.4,0.091,2024-12-14 01:17:19,Bid
101050.3,0.003,2024-12-14 01:17:19,Bid
101050.2,0.014,2024-12-14 01:17:19,Bid
101050.1,0.001,2024-12-14 01:17:19,Bid
101050.0,1.405,2024-12-14 01:17:19,Bid
101049.9,0.151,2024-12-14 01:17:19,Bid
101049.8,0.078,2024-12-14 01:17:19,Bid
101049.7,0.039,2024-12-14 01:17:19,Bid
101049.6,0.735,2024-12-14 01:17:19,Bid
101049.5,0.081,2024-12-14 01:17:19,Bid
101049.4,0.153,2024-12-14 01:17:19,Bid
101049.3,0.078,2024-12-14 01:17:19,Bid
101049.1,0.082,2024-12-14 01:17:19,Bid
101049.0,0.13,2024-12-14 01:17:19,Bid
101048.9,0.088,2024-12-14 01:17:19,Bid
101048.8,0.098,2024-12-14 01:17:19,Bid
101048.7,0.002,2024-12-14 01:17:19,Bid
101048.5,0.053,2024-12-14 01:17:19,Bid
101048.4,0.001,2024-12-14 01:17:19,Bid
101048.3,0.145,2024-12-14 01:17:19,Bid
101048.2,0.129,2024-12-14 01:17:19,Bid
101048.1,0.638,2024-12-14 01:17:19,Bid
101048.0,0.094,2024-12-14 01:17:19,Bid
101047.9,2.712,2024-12-14 01:17:19,Bid
101047.7,0.129,2024-12-14 01:17:19,Bid
101047.6,0.225,2024-12-14 01:17:19,Bid
101047.4,0.05,2024-12-14 01:17:19,Bid
101047.3,0.221,2024-12-14 01:17:19,Bid
101047.2,0.073,2024-12-14 01:17:19,Bid
101047.1,2.446,2024-12-14 01:17:19,Bid
101046.9,0.098,2024-12-14 01:17:19,Bid
101046.8,0.173,2024-12-14 01:17:19,Bid
101046.5,0.004,2024-12-14 01:17:19,Bid
101046.4,0.212,2024-12-14 01:17:19,Bid
101046.1,0.062,2024-12-14 01:17:19,Bid
101046.0,0.054,2024-12-14 01:17:19,Bid
101045.9,0.087,2024-12-14 01:17:19,Bid
101045.8,0.111,2024-12-14 01:17:19,Bid
101045.7,0.003,2024-12-14 01:17:19,Bid
101045.6,0.077,2024-12-14 01:17:19,Bid
101045.5,0.059,2024-12-14 01:17:19,Bid
101045.4,0.19,2024-12-14 01:17:19,Bid
101045.3,0.523,2024-12-14 01:17:19,Bid
101045.2,0.713,2024-12-14 01:17:19,Bid
101045.0,0.002,2024-12-14 01:17:19,Bid
101044.9,0.735,2024-12-14 01:17:19,Bid
101044.8,0.056,2024-12-14 01:17:19,Bid
101044.7,0.214,2024-12-14 01:17:19,Bid
101044.6,0.148,2024-12-14 01:17:19,Bid
101044.5,0.08,2024-12-14 01:17:19,Bid
101044.4,0.084,2024-12-14 01:17:19,Bid
101044.2,0.151,2024-12-14 01:17:19,Bid
101044.1,0.016,2024-12-14 01:17:19,Bid
101044.0,0.098,2024-12-14 01:17:19,Bid
101043.9,0.003,2024-12-14 01:17:19,Bid
101043.8,1.233,2024-12-14 01:17:19,Bid
101043.6,0.051,2024-12-14 01:17:19,Bid
101043.4,0.247,2024-12-14 01:17:19,Bid
101043.3,0.057,2024-12-14 01:17:19,Bid
101043.2,0.205,2024-12-14 01:17:19,Bid
101042.9,0.131,2024-12-14 01:17:19,Bid
101042.8,0.003,2024-12-14 01:17:19,Bid
101042.5,0.7,2024-12-14 01:17:19,Bid
101042.4,0.003,2024-12-14 01:17:19,Bid
101042.3,0.074,2024-12-14 01:17:19,Bid
101042.2,0.022,2024-12-14 01:17:19,Bid
101042.1,0.076,2024-12-14 01:17:19,Bid
101042.0,0.055,2024-12-14 01:17:19,Bid
101041.8,0.073,2024-12-14 01:17:19,Bid
101041.7,0.006,2024-12-14 01:17:19,Bid
101041.6,0.178,2024-12-14 01:17:19,Bid
101041.4,1.659,2024-12-14 01:17:19,Bid
101041.2,0.002,2024-12-14 01:17:19,Bid
101041.1,0.076,2024-12-14 01:17:19,Bid
101041.0,0.004,2024-12-14 01:17:19,Bid
101040.8,0.075,2024-12-14 01:17:19,Bid
101040.7,0.235,2024-12-14 01:17:19,Bid
101040.6,0.149,2024-12-14 01:17:19,Bid
101040.5,0.074,2024-12-14 01:17:19,Bid
101040.4,0.138,2024-12-14 01:17:19,Bid
101040.2,0.173,2024-12-14 01:17:19,Bid
101040.1,0.255,2024-12-14 01:17:19,Bid
101040.0,0.095,2024-12-14 01:17:19,Bid
101039.9,0.144,2024-12-14 01:17:19,Bid
101039.8,0.15,2024-12-14 01:17:19,Bid
101039.7,0.075,2024-12-14 01:17:19,Bid
101039.6,0.076,2024-12-14 01:17:19,Bid
101039.4,0.15,2024-12-14 01:17:19,Bid
101039.3,0.726,2024-12-14 01:17:19,Bid
101039.2,0.177,2024-12-14 01:17:19,Bid
101039.1,1.516,2024-12-14 01:17:19,Bid
101039.0,0.918,2024-12-14 01:17:19,Bid
101038.9,0.003,2024-12-14 01:17:19,Bid
101038.8,0.001,2024-12-14 01:17:19,Bid
101038.7,0.109,2024-12-14 01:17:19,Bid
101038.5,0.138,2024-12-14 01:17:19,Bid
101038.4,0.075,2024-12-14 01:17:19,Bid
101038.3,0.17,2024-12-14 01:17:19,Bid
101038.2,0.13,2024-12-14 01:17:19,Bid
101038.0,2.486,2024-12-14 01:17:19,Bid
101037.9,0.36,2024-12-14 01:17:19,Bid
101037.8,0.057,2024-12-14 01:17:19,Bid
101037.6,0.074,2024-12-14 01:17:19,Bid
101037.5,0.008,2024-12-14 01:17:19,Bid
101037.2,0.074,2024-12-14 01:17:19,Bid
101037.1,0.001,2024-12-14 01:17:19,Bid
101037.0,0.001,2024-12-14 01:17:19,Bid
101036.8,0.526,2024-12-14 01:17:19,Bid
101036.7,0.003,2024-12-14 01:17:19,Bid
101036.6,0.001,2024-12-14 01:17:19,Bid
101036.4,0.063,2024-12-14 01:17:19,Bid
101036.3,0.054,2024-12-14 01:17:19,Bid
101036.2,0.054,2024-12-14 01:17:19,Bid
101036.0,0.36,2024-12-14 01:17:19,Bid
101035.7,1.739,2024-12-14 01:17:19,Bid
101035.5,0.171,2024-12-14 01:17:19,Bid
101035.2,0.003,2024-12-14 01:17:19,Bid
101035.0,0.083,2024-12-14 01:17:19,Bid
101034.9,0.073,2024-12-14 01:17:19,Bid
101034.8,0.055,2024-12-14 01:17:19,Bid
101034.7,1.183,2024-12-14 01:17:19,Bid
101034.6,0.062,2024-12-14 01:17:19,Bid
101034.5,0.004,2024-12-14 01:17:19,Bid
101034.4,0.051,2024-12-14 01:17:19,Bid
101034.3,0.377,2024-12-14 01:17:19,Bid
101034.2,0.36,2024-12-14 01:17:19,Bid
101034.1,0.001,2024-12-14 01:17:19,Bid
101034.0,0.006,2024-12-14 01:17:19,Bid
101033.7,0.1,2024-12-14 01:17:19,Bid
101033.3,0.014,2024-12-14 01:17:19,Bid
101033.2,0.001,2024-12-14 01:17:19,Bid
101033.1,0.001,2024-12-14 01:17:19,Bid
101033.0,0.226,2024-12-14 01:17:19,Bid
101032.6,1.115,2024-12-14 01:17:19,Bid
101032.3,0.476,2024-12-14 01:17:19,Bid
101032.2,0.362,2024-12-14 01:17:19,Bid
101032.1,0.748,2024-12-14 01:17:19,Bid
101031.9,0.178,2024-12-14 01:17:19,Bid
101031.7,0.001,2024-12-14 01:17:19,Bid
101031.5,0.051,2024-12-14 01:17:19,Bid
101031.3,0.013,2024-12-14 01:17:19,Bid
101031.2,1.453,2024-12-14 01:17:19,Bid
101031.1,0.058,2024-12-14 01:17:19,Bid
101031.0,0.058,2024-12-14 01:17:19,Bid
101030.5,0.047,2024-12-14 01:17:19,Bid
101030.3,0.171,2024-12-14 01:17:19,Bid
101030.2,0.005,2024-12-14 01:17:19,Bid
101030.1,0.003,2024-12-14 01:17:19,Bid
101030.0,0.105,2024-12-14 01:17:19,Bid
101029.4,0.895,2024-12-14 01:17:19,Bid
101029.3,1.275,2024-12-14 01:17:19,Bid
101029.2,0.002,2024-12-14 01:17:19,Bid
101029.1,0.063,2024-12-14 01:17:19,Bid
101029.0,2.91,2024-12-14 01:17:19,Bid
101028.6,0.34,2024-12-14 01:17:19,Bid
101028.5,0.171,2024-12-14 01:17:19,Bid
101028.3,0.003,2024-12-14 01:17:19,Bid
101028.2,0.001,2024-12-14 01:17:19,Bid
101028.1,0.001,2024-12-14 01:17:19,Bid
101028.0,0.028,2024-12-14 01:17:19,Bid
101027.9,0.002,2024-12-14 01:17:19,Bid
101027.8,0.108,2024-12-14 01:17:19,Bid
101027.6,0.072,2024-12-14 01:17:19,Bid
101027.5,0.05,2024-12-14 01:17:19,Bid
101027.3,0.416,2024-12-14 01:17:19,Bid
101027.2,0.887,2024-12-14 01:17:19,Bid
101026.9,0.006,2024-12-14 01:17:19,Bid
101026.8,0.006,2024-12-14 01:17:19,Bid
101026.7,0.005,2024-12-14 01:17:19,Bid
101026.6,0.17,2024-12-14 01:17:19,Bid
101026.5,0.01,2024-12-14 01:17:19,Bid
101026.4,0.004,2024-12-14 01:17:19,Bid
101026.3,0.642,2024-12-14 01:17:19,Bid
101026.1,0.625,2024-12-14 01:17:19,Bid
101026.0,0.008,2024-12-14 01:17:19,Bid
101025.9,0.001,2024-12-14 01:17:19,Bid
101025.8,0.363,2024-12-14 01:17:19,Bid
101025.7,0.051,2024-12-14 01:17:19,Bid
101025.6,0.003,2024-12-14 01:17:19,Bid
101025.5,0.003,2024-12-14 01:17:19,Bid
101025.4,0.005,2024-12-14 01:17:19,Bid
101025.2,2.521,2024-12-14 01:17:19,Bid
101025.1,0.051,2024-12-14 01:17:19,Bid
101025.0,0.002,2024-12-14 01:17:19,Bid
101024.9,0.256,2024-12-14 01:17:19,Bid
101024.8,0.047,2024-12-14 01:17:19,Bid
101024.7,0.031,2024-12-14 01:17:19,Bid
101024.5,0.002,2024-12-14 01:17:19,Bid
101024.4,0.014,2024-12-14 01:17:19,Bid
101024.1,0.012,2024-12-14 01:17:19,Bid
101023.8,0.004,2024-12-14 01:17:19,Bid
101023.7,0.296,2024-12-14 01:17:19,Bid
101023.6,1.255,2024-12-14 01:17:19,Bid
101023.3,0.224,2024-12-14 01:17:19,Bid
101023.2,0.172,2024-12-14 01:17:19,Bid
101023.1,0.005,2024-12-14 01:17:19,Bid
101023.0,0.008,2024-12-14 01:17:19,Bid
101022.9,0.001,2024-12-14 01:17:19,Bid
101022.8,0.003,2024-12-14 01:17:19,Bid
101022.7,0.074,2024-12-14 01:17:19,Bid
101022.6,0.001,2024-12-14 01:17:19,Bid
101022.5,0.061,2024-12-14 01:17:19,Bid
101022.4,0.007,2024-12-14 01:17:19,Bid
101022.3,0.006,2024-12-14 01:17:19,Bid
101022.2,0.027,2024-12-14 01:17:19,Bid
101022.1,0.01,2024-12-14 01:17:19,Bid
101021.9,0.011,2024-12-14 01:17:19,Bid
101021.7,0.356,2024-12-14 01:17:19,Bid
101021.5,0.099,2024-12-14 01:17:19,Bid
101021.4,0.283,2024-12-14 01:17:19,Bid
101021.1,0.148,2024-12-14 01:17:19,Bid
101021.0,1.425,2024-12-14 01:17:19,Bid
101020.9,4.009,2024-12-14 01:17:19,Bid
101020.8,0.001,2024-12-14 01:17:19,Bid
101020.7,0.295,2024-12-14 01:17:19,Bid
101020.6,0.002,2024-12-14 01:17:19,Bid
101020.3,0.022,2024-12-14 01:17:19,Bid
101020.2,0.051,2024-12-14 01:17:19,Bid
101020.1,0.171,2024-12-14 01:17:19,Bid
101020.0,10.943,2024-12-14 01:17:19,Bid
101019.9,0.019,2024-12-14 01:17:19,Bid
101019.5,0.001,2024-12-14 01:17:19,Bid
101019.2,0.001,2024-12-14 01:17:19,Bid
101019.0,0.22,2024-12-14 01:17:19,Bid
101018.8,0.001,2024-12-14 01:17:19,Bid
101018.2,0.36,2024-12-14 01:17:19,Bid
101018.1,0.013,2024-12-14 01:17:19,Bid
101018.0,0.33,2024-12-14 01:17:19,Bid
101017.9,0.051,2024-12-14 01:17:19,Bid
101017.8,0.388,2024-12-14 01:17:19,Bid
101017.7,0.016,2024-12-14 01:17:19,Bid
101017.2,0.014,2024-12-14 01:17:19,Bid
101017.0,0.253,2024-12-14 01:17:19,Bid
101016.5,0.123,2024-12-14 01:17:19,Bid
101016.4,0.051,2024-12-14 01:17:19,Bid
101016.3,0.051,2024-12-14 01:17:19,Bid
101016.0,0.05,2024-12-14 01:17:19,Bid
101015.9,0.029,2024-12-14 01:17:19,Bid
101015.8,0.002,2024-12-14 01:17:19,Bid
101015.4,0.003,2024-12-14 01:17:19,Bid
101015.3,0.091,2024-12-14 01:17:19,Bid
101015.2,0.036,2024-12-14 01:17:19,Bid
101015.1,3.08,2024-12-14 01:17:19,Bid
101015.0,0.002,2024-12-14 01:17:19,Bid
101014.9,0.329,2024-12-14 01:17:19,Bid
101014.8,0.002,2024-12-14 01:17:19,Bid
101014.5,0.014,2024-12-14 01:17:19,Bid
101014.4,0.048,2024-12-14 01:17:19,Bid
101014.3,0.003,2024-12-14 01:17:19,Bid
101014.2,0.015,2024-12-14 01:17:19,Bid
101014.1,0.002,2024-12-14 01:17:19,Bid
101013.8,0.014,2024-12-14 01:17:19,Bid
101013.7,0.177,2024-12-14 01:17:19,Bid
101013.5,0.002,2024-12-14 01:17:19,Bid
101013.1,0.003,2024-12-14 01:17:19,Bid
101013.0,0.001,2024-12-14 01:17:19,Bid
101012.9,0.001,2024-12-14 01:17:19,Bid
101012.8,0.005,2024-12-14 01:17:19,Bid
101012.6,0.005,2024-12-14 01:17:19,Bid
101012.5,0.003,2024-12-14 01:17:19,Bid
101012.4,0.07,2024-12-14 01:17:19,Bid
101012.1,0.028,2024-12-14 01:17:19,Bid
101011.8,0.017,2024-12-14 01:17:19,Bid
101011.7,2.25,2024-12-14 01:17:19,Bid
101011.6,0.353,2024-12-14 01:17:19,Bid
101011.5,0.003,2024-12-14 01:17:19,Bid
101011.3,0.196,2024-12-14 01:17:19,Bid
101011.0,0.065,2024-12-14 01:17:19,Bid
101010.9,0.124,2024-12-14 01:17:19,Bid
101010.8,1.476,2024-12-14 01:17:19,Bid
101010.7,0.01,2024-12-14 01:17:19,Bid
101010.6,0.002,2024-12-14 01:17:19,Bid
101010.4,0.004,2024-12-14 01:17:19,Bid
101010.2,10.0,2024-12-14 01:17:19,Bid
101010.0,0.284,2024-12-14 01:17:19,Bid
101009.8,0.052,2024-12-14 01:17:19,Bid
101009.7,0.5,2024-12-14 01:17:19,Bid
101009.6,1.482,2024-12-14 01:17:19,Bid
101009.2,0.003,2024-12-14 01:17:19,Bid
101009.1,0.15,2024-12-14 01:17:19,Bid
101009.0,0.001,2024-12-14 01:17:19,Bid
101008.6,0.015,2024-12-14 01:17:19,Bid
101008.5,0.002,2024-12-14 01:17:19,Bid
101008.4,0.007,2024-12-14 01:17:19,Bid
101008.3,0.065,2024-12-14 01:17:19,Bid
101008.2,0.18,2024-12-14 01:17:19,Bid
101008.0,0.042,2024-12-14 01:17:19,Bid
101007.8,0.179,2024-12-14 01:17:19,Bid
101007.5,0.002,2024-12-14 01:17:19,Bid
101007.4,0.001,2024-12-14 01:17:19,Bid
101007.3,0.001,2024-12-14 01:17:19,Bid
101007.1,0.034,2024-12-14 01:17:19,Bid
101006.9,1.812,2024-12-14 01:17:19,Bid
101006.7,0.012,2024-12-14 01:17:19,Bid
101006.5,0.002,2024-12-14 01:17:19,Bid
101006.4,0.003,2024-12-14 01:17:19,Bid
101006.3,0.593,2024-12-14 01:17:19,Bid
101006.2,0.001,2024-12-14 01:17:19,Bid
101006.0,0.005,2024-12-14 01:17:19,Bid
101005.9,0.01,2024-12-14 01:17:19,Bid
101005.7,0.136,2024-12-14 01:17:19,Bid
101005.5,0.37,2024-12-14 01:17:19,Bid
101005.3,6.933,2024-12-14 01:17:19,Bid
101005.1,0.005,2024-12-14 01:17:19,Bid
101005.0,1.044,2024-12-14 01:17:19,Bid
101004.9,0.02,2024-12-14 01:17:19,Bid
101004.8,0.065,2024-12-14 01:17:19,Bid
101004.6,0.002,2024-12-14 01:17:19,Bid
101004.5,0.053,2024-12-14 01:17:19,Bid
101004.4,0.012,2024-12-14 01:17:19,Bid
101004.3,0.023,2024-12-14 01:17:19,Bid
101004.2,0.012,2024-12-14 01:17:19,Bid
101004.1,1.75,2024-12-14 01:17:19,Bid
101004.0,0.001,2024-12-14 01:17:19,Bid
101003.8,0.002,2024-12-14 01:17:19,Bid
101003.7,0.003,2024-12-14 01:17:19,Bid
101003.5,0.001,2024-12-14 01:17:19,Bid
101003.4,0.36,2024-12-14 01:17:19,Bid
101003.3,0.17,2024-12-14 01:17:19,Bid
101003.0,0.205,2024-12-14 01:17:19,Bid
101002.9,0.001,2024-12-14 01:17:19,Bid
101002.8,0.002,2024-12-14 01:17:19,Bid
101002.7,0.003,2024-12-14 01:17:19,Bid
101002.5,0.173,2024-12-14 01:17:19,Bid
101002.4,0.142,2024-12-14 01:17:19,Bid
101002.2,0.41,2024-12-14 01:17:19,Bid
101002.0,0.003,2024-12-14 01:17:19,Bid
101001.9,0.352,2024-12-14 01:17:19,Bid
101001.8,0.019,2024-12-14 01:17:19,Bid
101001.6,0.003,2024-12-14 01:17:19,Bid
101001.5,0.01,2024-12-14 01:17:19,Bid
101001.4,0.36,2024-12-14 01:17:19,Bid
101001.3,0.293,2024-12-14 01:17:19,Bid
101001.2,0.001,2024-12-14 01:17:19,Bid
101001.1,0.008,2024-12-14 01:17:19,Bid
101001.0,0.014,2024-12-14 01:17:19,Bid
101000.7,0.444,2024-12-14 01:17:19,Bid
101000.6,1.425,2024-12-14 01:17:19,Bid
101000.5,0.012,2024-12-14 01:17:19,Bid
101000.4,0.003,2024-12-14 01:17:19,Bid
101000.2,0.003,2024-12-14 01:17:19,Bid
101000.0,59.614,2024-12-14 01:17:19,Bid
100999.9,0.034,2024-12-14 01:17:19,Bid
100999.7,0.36,2024-12-14 01:17:19,Bid
100999.6,0.001,2024-12-14 01:17:19,Bid
100999.5,0.051,2024-12-14 01:17:19,Bid
100999.2,0.005,2024-12-14 01:17:19,Bid
100999.1,0.002,2024-12-14 01:17:19,Bid
100999.0,0.057,2024-12-14 01:17:19,Bid
100998.9,0.008,2024-12-14 01:17:19,Bid
100998.5,0.001,2024-12-14 01:17:19,Bid
100998.3,0.001,2024-12-14 01:17:19,Bid
100998.2,0.098,2024-12-14 01:17:19,Bid
100998.1,0.372,2024-12-14 01:17:19,Bid
100998.0,1.219,2024-12-14 01:17:19,Bid
100997.9,0.001,2024-12-14 01:17:19,Bid
100997.8,0.267,2024-12-14 01:17:19,Bid
100997.6,0.36,2024-12-14 01:17:19,Bid
100997.4,0.246,2024-12-14 01:17:19,Bid
100997.2,0.001,2024-12-14 01:17:19,Bid
100997.0,0.012,2024-12-14 01:17:19,Bid
100996.9,0.887,2024-12-14 01:17:19,Bid
100996.8,0.172,2024-12-14 01:17:19,Bid
100996.7,0.012,2024-12-14 01:17:19,Bid
100996.5,0.003,2024-12-14 01:17:19,Bid
100996.4,0.001,2024-12-14 01:17:19,Bid
100996.2,0.408,2024-12-14 01:17:19,Bid
100996.1,0.041,2024-12-14 01:17:19,Bid
100996.0,0.019,2024-12-14 01:17:19,Bid
100995.8,0.001,2024-12-14 01:17:19,Bid
100995.7,0.003,2024-12-14 01:17:19,Bid
100995.5,0.002,2024-12-14 01:17:19,Bid
100995.3,0.004,2024-12-14 01:17:19,Bid
100995.1,0.001,2024-12-14 01:17:19,Bid
100995.0,0.031,2024-12-14 01:17:19,Bid
100994.9,0.003,2024-12-14 01:17:19,Bid
100994.8,0.011,2024-12-14 01:17:19,Bid
100994.6,0.001,2024-12-14 01:17:19,Bid
100994.3,0.004,2024-12-14 01:17:19,Bid
100994.1,0.001,2024-12-14 01:17:19,Bid
100994.0,1.721,2024-12-14 01:17:19,Bid
100993.7,0.15,2024-12-14 01:17:19,Bid
100993.5,0.039,2024-12-14 01:17:19,Bid
100993.3,0.004,2024-12-14 01:17:19,Bid
100993.1,0.022,2024-12-14 01:17:19,Bid
100993.0,0.003,2024-12-14 01:17:19,Bid
100992.9,0.002,2024-12-14 01:17:19,Bid
100992.8,0.001,2024-12-14 01:17:19,Bid
100992.4,0.699,2024-12-14 01:17:19,Bid
100992.3,0.503,2024-12-14 01:17:19,Bid
100992.2,0.181,2024-12-14 01:17:19,Bid
100992.1,0.003,2024-12-14 01:17:19,Bid
100992.0,0.018,2024-12-14 01:17:19,Bid
100991.9,0.017,2024-12-14 01:17:19,Bid
100991.8,0.001,2024-12-14 01:17:19,Bid
100991.7,0.002,2024-12-14 01:17:19,Bid
100991.6,0.019,2024-12-14 01:17:19,Bid
100991.2,0.36,2024-12-14 01:17:19,Bid
100990.9,0.188,2024-12-14 01:17:19,Bid
100990.8,0.003,2024-12-14 01:17:19,Bid
100990.7,0.988,2024-12-14 01:17:19,Bid
100990.6,0.001,2024-12-14 01:17:19,Bid
100990.5,0.039,2024-12-14 01:17:19,Bid
100990.4,1.431,2024-12-14 01:17:19,Bid
100990.2,0.001,2024-12-14 01:17:19,Bid
100990.0,0.947,2024-12-14 01:17:19,Bid
100989.6,2.328,2024-12-14 01:17:19,Bid
100989.4,0.001,2024-12-14 01:17:19,Bid
100989.3,0.012,2024-12-14 01:17:19,Bid
100989.2,0.012,2024-12-14 01:17:19,Bid
100989.1,0.012,2024-12-14 01:17:19,Bid
100989.0,0.097,2024-12-14 01:17:19,Bid
100988.9,0.013,2024-12-14 01:17:19,Bid
100988.8,0.001,2024-12-14 01:17:19,Bid
100988.7,0.003,2024-12-14 01:17:19,Bid
100988.5,0.002,2024-12-14 01:17:19,Bid
100988.3,0.697,2024-12-14 01:17:19,Bid
100988.2,0.123,2024-12-14 01:17:19,Bid
100988.0,0.404,2024-12-14 01:17:19,Bid
100987.8,0.001,2024-12-14 01:17:19,Bid
100987.7,0.012,2024-12-14 01:17:19,Bid
100987.6,0.012,2024-12-14 01:17:19,Bid
100987.4,1.11,2024-12-14 01:17:19,Bid
100987.3,0.001,2024-12-14 01:17:19,Bid
100986.9,0.002,2024-12-14 01:17:19,Bid
100986.7,0.039,2024-12-14 01:17:19,Bid
100986.5,0.002,2024-12-14 01:17:19,Bid
100986.3,0.005,2024-12-14 01:17:19,Bid
100986.2,1.98,2024-12-14 01:17:19,Bid
100986.1,3.916,2024-12-14 01:17:19,Bid
100985.9,0.005,2024-12-14 01:17:19,Bid
100985.8,0.007,2024-12-14 01:17:19,Bid
100985.7,0.201,2024-12-14 01:17:19,Bid
100985.3,0.188,2024-12-14 01:17:19,Bid
100985.0,0.013,2024-12-14 01:17:19,Bid
100984.8,0.012,2024-12-14 01:17:19,Bid
100984.7,0.002,2024-12-14 01:17:19,Bid
100984.4,0.184,2024-12-14 01:17:19,Bid
100984.2,0.002,2024-12-14 01:17:19,Bid
100984.1,0.072,2024-12-14 01:17:19,Bid
100983.9,0.002,2024-12-14 01:17:19,Bid
100983.7,0.006,2024-12-14 01:17:19,Bid
100983.6,0.36,2024-12-14 01:17:19,Bid
100983.3,0.07,2024-12-14 01:17:19,Bid
100983.2,0.361,2024-12-14 01:17:19,Bid
100983.1,0.002,2024-12-14 01:17:19,Bid
100983.0,0.005,2024-12-14 01:17:19,Bid
100982.9,0.002,2024-12-14 01:17:19,Bid
100982.7,0.149,2024-12-14 01:17:19,Bid
100982.4,0.064,2024-12-14 01:17:19,Bid
100982.2,1.282,2024-12-14 01:17:19,Bid
100981.8,0.003,2024-12-14 01:17:19,Bid
100981.7,0.003,2024-12-14 01:17:19,Bid
100981.6,0.003,2024-12-14 01:17:19,Bid
100981.2,0.001,2024-12-14 01:17:19,Bid
100981.0,0.003,2024-12-14 01:17:19,Bid
100980.8,0.012,2024-12-14 01:17:19,Bid
100980.7,0.012,2024-12-14 01:17:19,Bid
100980.6,0.028,2024-12-14 01:17:19,Bid
100980.5,0.013,2024-12-14 01:17:19,Bid
100980.3,0.006,2024-12-14 01:17:19,Bid
100980.2,1.425,2024-12-14 01:17:19,Bid
100980.1,0.042,2024-12-14 01:17:19,Bid
100980.0,0.192,2024-12-14 01:17:19,Bid
100979.9,0.003,2024-12-14 01:17:19,Bid
100979.7,0.022,2024-12-14 01:17:19,Bid
100979.6,0.2,2024-12-14 01:17:19,Bid
100979.5,0.004,2024-12-14 01:17:19,Bid
100979.2,0.041,2024-12-14 01:17:19,Bid
100978.7,0.002,2024-12-14 01:17:19,Bid
100978.6,0.001,2024-12-14 01:17:19,Bid
100978.2,0.009,2024-12-14 01:17:19,Bid
100978.1,0.009,2024-12-14 01:17:19,Bid
100978.0,0.055,2024-12-14 01:17:19,Bid
100977.9,0.172,2024-12-14 01:17:19,Bid
100977.8,0.012,2024-12-14 01:17:19,Bid
100977.7,0.013,2024-12-14 01:17:19,Bid
100977.6,0.001,2024-12-14 01:17:19,Bid
100977.5,0.002,2024-12-14 01:17:19,Bid
100977.2,0.005,2024-12-14 01:17:19,Bid
100977.1,0.018,2024-12-14 01:17:19,Bid
100977.0,0.032,2024-12-14 01:17:19,Bid
100976.9,3.711,2024-12-14 01:17:19,Bid
100976.4,1.201,2024-12-14 01:17:19,Bid
100976.3,0.01,2024-12-14 01:17:19,Bid
100976.2,0.039,2024-12-14 01:17:19,Bid
100976.1,0.002,2024-12-14 01:17:19,Bid
100975.9,0.03,2024-12-14 01:17:19,Bid
100975.6,0.003,2024-12-14 01:17:19,Bid
100975.2,0.191,2024-12-14 01:17:19,Bid
100975.1,0.015,2024-12-14 01:17:19,Bid
100975.0,0.005,2024-12-14 01:17:19,Bid
100974.5,1.773,2024-12-14 01:17:19,Bid
100974.4,0.13,2024-12-14 01:17:19,Bid
100974.2,0.003,2024-12-14 01:17:19,Bid
100974.1,0.004,2024-12-14 01:17:19,Bid
100973.9,0.003,2024-12-14 01:17:19,Bid
100973.8,0.017,2024-12-14 01:17:19,Bid
100973.7,0.002,2024-12-14 01:17:19,Bid
100973.6,0.001,2024-12-14 01:17:19,Bid
100972.9,0.074,2024-12-14 01:17:19,Bid
100972.8,0.001,2024-12-14 01:17:19,Bid
100972.6,0.001,2024-12-14 01:17:19,Bid
100972.2,0.183,2024-12-14 01:17:19,Bid
100971.8,0.05,2024-12-14 01:17:19,Bid
100971.7,0.013,2024-12-14 01:17:19,Bid
100971.5,0.001,2024-12-14 01:17:19,Bid
100971.4,0.018,2024-12-14 01:17:19,Bid
100971.3,0.006,2024-12-14 01:17:19,Bid
100971.1,0.012,2024-12-14 01:17:19,Bid
100971.0,0.416,2024-12-14 01:17:19,Bid
100970.9,0.299,2024-12-14 01:17:19,Bid
100970.7,0.001,2024-12-14 01:17:19,Bid
100970.5,0.041,2024-12-14 01:17:19,Bid
100970.4,0.012,2024-12-14 01:17:19,Bid
100970.3,0.012,2024-12-14 01:17:19,Bid
100970.0,1.436,2024-12-14 01:17:19,Bid
100969.8,0.001,2024-12-14 01:17:19,Bid
100969.7,0.002,2024-12-14 01:17:19,Bid
100969.6,0.016,2024-12-14 01:17:19,Bid
100969.4,0.061,2024-12-14 01:17:19,Bid
100968.8,0.006,2024-12-14 01:17:19,Bid
100968.6,0.004,2024-12-14 01:17:19,Bid
100968.1,0.003,2024-12-14 01:17:19,Bid
100968.0,0.158,2024-12-14 01:17:19,Bid
100967.7,0.003,2024-12-14 01:17:19,Bid
100967.6,0.001,2024-12-14 01:17:19,Bid
100967.5,0.001,2024-12-14 01:17:19,Bid
100967.4,2.253,2024-12-14 01:17:19,Bid
100967.3,0.005,2024-12-14 01:17:19,Bid
100967.2,1.001,2024-12-14 01:17:19,Bid
100967.0,0.022,2024-12-14 01:17:19,Bid
100966.9,0.36,2024-12-14 01:17:19,Bid
100966.7,0.001,2024-12-14 01:17:19,Bid
100966.6,0.02,2024-12-14 01:17:19,Bid
100966.4,0.029,2024-12-14 01:17:19,Bid
100966.3,0.012,2024-12-14 01:17:19,Bid
100966.0,0.009,2024-12-14 01:17:19,Bid
100965.6,0.888,2024-12-14 01:17:19,Bid
100965.3,0.045,2024-12-14 01:17:19,Bid
100965.2,0.136,2024-12-14 01:17:19,Bid
100965.1,0.55,2024-12-14 01:17:19,Bid
100965.0,0.361,2024-12-14 01:17:19,Bid
100964.8,1.485,2024-12-14 01:17:19,Bid
100964.7,0.006,2024-12-14 01:17:19,Bid
100964.6,0.012,2024-12-14 01:17:19,Bid
100964.5,5.867,2024-12-14 01:17:19,Bid
100964.4,1.547,2024-12-14 01:17:19,Bid
100964.3,0.05,2024-12-14 01:17:19,Bid
100964.2,2.274,2024-12-14 01:17:19,Bid
100964.1,0.012,2024-12-14 01:17:19,Bid
100963.9,1.365,2024-12-14 01:17:19,Bid
100963.5,2.523,2024-12-14 01:17:19,Bid
100963.3,0.015,2024-12-14 01:17:19,Bid
100963.2,0.466,2024-12-14 01:17:19,Bid
100963.1,0.36,2024-12-14 01:17:19,Bid
100963.0,0.029,2024-12-14 01:17:19,Bid
100962.7,0.012,2024-12-14 01:17:19,Bid
100962.6,0.003,2024-12-14 01:17:19,Bid
100962.5,0.597,2024-12-14 01:17:19,Bid
100962.3,0.012,2024-12-14 01:17:19,Bid
100962.2,0.001,2024-12-14 01:17:19,Bid
100962.1,0.002,2024-12-14 01:17:19,Bid
100962.0,0.005,2024-12-14 01:17:19,Bid
100961.9,0.001,2024-12-14 01:17:19,Bid
100961.7,0.002,2024-12-14 01:17:19,Bid
100961.0,0.012,2024-12-14 01:17:19,Bid
100960.3,0.002,2024-12-14 01:17:19,Bid
100960.2,0.036,2024-12-14 01:17:19,Bid
100960.1,0.148,2024-12-14 01:17:19,Bid
100960.0,0.76,2024-12-14 01:17:19,Bid
100959.8,1.429,2024-12-14 01:17:19,Bid
100959.1,0.109,2024-12-14 01:17:19,Bid
100959.0,1.482,2024-12-14 01:17:19,Bid
100958.8,0.003,2024-12-14 01:17:19,Bid
100958.6,0.012,2024-12-14 01:17:19,Bid
100958.5,0.002,2024-12-14 01:17:19,Bid
100958.4,0.023,2024-12-14 01:17:19,Bid
100958.3,0.009,2024-12-14 01:17:19,Bid
100958.2,0.004,2024-12-14 01:17:19,Bid
100957.6,0.003,2024-12-14 01:17:19,Bid
100957.5,0.001,2024-12-14 01:17:19,Bid
100957.4,4.009,2024-12-14 01:17:19,Bid
100957.3,0.004,2024-12-14 01:17:19,Bid
100957.2,0.001,2024-12-14 01:17:19,Bid
100957.1,0.008,2024-12-14 01:17:19,Bid
100956.9,0.15,2024-12-14 01:17:19,Bid
100956.7,0.36,2024-12-14 01:17:19,Bid
100956.6,0.087,2024-12-14 01:17:19,Bid
100955.9,0.009,2024-12-14 01:17:19,Bid
100955.8,1.306,2024-12-14 01:17:19,Bid
100955.4,0.009,2024-12-14 01:17:19,Bid
100955.3,0.012,2024-12-14 01:17:19,Bid
100955.2,0.012,2024-12-14 01:17:19,Bid
100955.0,0.394,2024-12-14 01:17:19,Bid
100954.9,0.011,2024-12-14 01:17:19,Bid
100954.7,0.012,2024-12-14 01:17:19,Bid
100954.5,0.008,2024-12-14 01:17:19,Bid
100954.3,0.002,2024-12-14 01:17:19,Bid
100954.2,0.017,2024-12-14 01:17:19,Bid
100954.1,0.001,2024-12-14 01:17:19,Bid
100954.0,0.018,2024-12-14 01:17:19,Bid
100953.8,0.003,2024-12-14 01:17:19,Bid
100953.5,0.023,2024-12-14 01:17:19,Bid
100953.4,0.003,2024-12-14 01:17:19,Bid
100953.0,2.917,2024-12-14 01:17:19,Bid
100952.9,0.006,2024-12-14 01:17:19,Bid
100952.6,0.011,2024-12-14 01:17:19,Bid
100952.5,0.001,2024-12-14 01:17:19,Bid
100952.4,0.003,2024-12-14 01:17:19,Bid
100952.3,0.028,2024-12-14 01:17:19,Bid
100952.2,0.003,2024-12-14 01:17:19,Bid
100952.0,0.4,2024-12-14 01:17:19,Bid
100951.6,0.1,2024-12-14 01:17:19,Bid
100951.4,0.012,2024-12-14 01:17:19,Bid
100951.3,0.002,2024-12-14 01:17:19,Bid
100951.2,0.001,2024-12-14 01:17:19,Bid
100951.1,0.012,2024-12-14 01:17:19,Bid
100951.0,0.199,2024-12-14 01:17:19,Bid
100950.8,0.005,2024-12-14 01:17:19,Bid
100950.6,0.004,2024-12-14 01:17:19,Bid
100950.5,1.981,2024-12-14 01:17:19,Bid
100950.4,0.001,2024-12-14 01:17:19,Bid
100950.1,0.003,2024-12-14 01:17:19,Bid
100950.0,0.803,2024-12-14 01:17:19,Bid
100949.8,0.004,2024-12-14 01:17:19,Bid
100949.7,0.296,2024-12-14 01:17:19,Bid
100949.6,1.482,2024-12-14 01:17:19,Bid
100949.5,0.002,2024-12-14 01:17:19,Bid
100949.4,0.177,2024-12-14 01:17:19,Bid
100949.3,0.015,2024-12-14 01:17:19,Bid
100949.2,0.603,2024-12-14 01:17:19,Bid
100949.0,0.002,2024-12-14 01:17:19,Bid
100948.9,0.002,2024-12-14 01:17:19,Bid
100948.7,2.319,2024-12-14 01:17:19,Bid
100948.6,0.001,2024-12-14 01:17:19,Bid
100948.2,0.057,2024-12-14 01:17:19,Bid
100948.0,0.001,2024-12-14 01:17:19,Bid
100947.9,0.012,2024-12-14 01:17:19,Bid
100947.8,0.01,2024-12-14 01:17:19,Bid
100947.6,10.533,2024-12-14 01:17:19,Bid
100947.4,0.849,2024-12-14 01:17:19,Bid
100947.0,0.422,2024-12-14 01:17:19,Bid
100946.7,0.021,2024-12-14 01:17:19,Bid
100946.5,0.002,2024-12-14 01:17:19,Bid
100946.3,0.004,2024-12-14 01:17:19,Bid
100946.2,0.001,2024-12-14 01:17:19,Bid
100946.0,0.674,2024-12-14 01:17:19,Bid
100945.9,0.202,2024-12-14 01:17:19,Bid
100945.7,0.002,2024-12-14 01:17:19,Bid
100945.6,0.012,2024-12-14 01:17:19,Bid
100945.4,0.014,2024-12-14 01:17:19,Bid
100944.9,0.188,2024-12-14 01:17:19,Bid
100944.5,0.015,2024-12-14 01:17:19,Bid
100944.4,0.004,2024-12-14 01:17:19,Bid
100944.3,1.063,2024-12-14 01:17:19,Bid
100944.1,0.191,2024-12-14 01:17:19,Bid
100944.0,0.001,2024-12-14 01:17:19,Bid
100943.9,0.005,2024-12-14 01:17:19,Bid
100943.7,0.007,2024-12-14 01:17:19,Bid
100943.5,0.043,2024-12-14 01:17:19,Bid
100943.4,0.005,2024-12-14 01:17:19,Bid
100943.2,0.001,2024-12-14 01:17:19,Bid
100943.1,0.021,2024-12-14 01:17:19,Bid
100942.8,0.041,2024-12-14 01:17:19,Bid
100942.7,0.018,2024-12-14 01:17:19,Bid
100942.6,0.003,2024-12-14 01:17:19,Bid
100942.1,0.001,2024-12-14 01:17:19,Bid
100942.0,5.348,2024-12-14 01:17:19,Bid
100941.8,0.005,2024-12-14 01:17:19,Bid
100941.4,0.014,2024-12-14 01:17:19,Bid
100940.4,0.07,2024-12-14 01:17:19,Bid
100940.3,0.002,2024-12-14 01:17:19,Bid
100940.2,0.102,2024-12-14 01:17:19,Bid
100940.1,0.003,2024-12-14 01:17:19,Bid
100940.0,0.029,2024-12-14 01:17:19,Bid
100939.8,0.005,2024-12-14 01:17:19,Bid
100939.5,1.487,2024-12-14 01:17:19,Bid
100939.4,1.425,2024-12-14 01:17:19,Bid
100939.3,0.002,2024-12-14 01:17:19,Bid
100939.2,0.003,2024-12-14 01:17:19,Bid
100939.1,0.005,2024-12-14 01:17:19,Bid
100938.9,0.005,2024-12-14 01:17:19,Bid
100938.7,0.001,2024-12-14 01:17:19,Bid
100938.6,0.007,2024-12-14 01:17:19,Bid
100938.2,3.032,2024-12-14 01:17:19,Bid
100938.0,0.104,2024-12-14 01:17:19,Bid
100937.8,0.012,2024-12-14 01:17:19,Bid
100937.6,0.074,2024-12-14 01:17:19,Bid
100937.5,5.165,2024-12-14 01:17:19,Bid
100937.4,0.001,2024-12-14 01:17:19,Bid
100937.1,0.01,2024-12-14 01:17:19,Bid
100936.6,0.152,2024-12-14 01:17:19,Bid
100936.4,0.002,2024-12-14 01:17:19,Bid
100936.3,0.02,2024-12-14 01:17:19,Bid
100936.2,0.013,2024-12-14 01:17:19,Bid
100936.0,0.06,2024-12-14 01:17:19,Bid
100935.8,0.008,2024-12-14 01:17:19,Bid
100935.6,0.001,2024-12-14 01:17:19,Bid
100935.5,0.003,2024-12-14 01:17:19,Bid
100935.4,0.897,2024-12-14 01:17:19,Bid
100935.2,0.007,2024-12-14 01:17:19,Bid
100935.1,0.003,2024-12-14 01:17:19,Bid
100935.0,0.001,2024-12-14 01:17:19,Bid
100934.9,0.002,2024-12-14 01:17:19,Bid
100934.8,0.188,2024-12-14 01:17:19,Bid
100934.7,0.072,2024-12-14 01:17:19,Bid
100934.4,14.336,2024-12-14 01:17:19,Bid
100934.1,0.003,2024-12-14 01:17:19,Bid
100934.0,0.008,2024-12-14 01:17:19,Bid
100933.9,0.001,2024-12-14 01:17:19,Bid
100933.4,0.014,2024-12-14 01:17:19,Bid
100933.3,0.297,2024-12-14 01:17:19,Bid
100933.2,0.007,2024-12-14 01:17:19,Bid
100933.0,0.049,2024-12-14 01:17:19,Bid
100932.8,0.012,2024-12-14 01:17:19,Bid
100932.4,0.035,2024-12-14 01:17:19,Bid
100932.3,0.006,2024-12-14 01:17:19,Bid
100932.2,0.5,2024-12-14 01:17:19,Bid
100932.1,0.127,2024-12-14 01:17:19,Bid
100932.0,8.931,2024-12-14 01:17:19,Bid
100931.9,0.037,2024-12-14 01:17:19,Bid
100931.8,0.006,2024-12-14 01:17:19,Bid
100931.2,0.055,2024-12-14 01:17:19,Bid
100931.1,0.001,2024-12-14 01:17:19,Bid
100930.9,0.002,2024-12-14 01:17:19,Bid
100930.6,0.267,2024-12-14 01:17:19,Bid
100930.3,0.007,2024-12-14 01:17:19,Bid
100930.0,0.011,2024-12-14 01:17:19,Bid
100929.9,0.179,2024-12-14 01:17:19,Bid
100929.7,0.001,2024-12-14 01:17:19,Bid
100929.3,0.012,2024-12-14 01:17:19,Bid
100929.2,1.758,2024-12-14 01:17:19,Bid
100929.1,0.002,2024-12-14 01:17:19,Bid
100928.9,1.731,2024-12-14 01:17:19,Bid
100928.7,0.019,2024-12-14 01:17:19,Bid
100928.6,0.003,2024-12-14 01:17:19,Bid
100928.4,6.568,2024-12-14 01:17:19,Bid
100928.2,0.007,2024-12-14 01:17:19,Bid
100928.1,0.012,2024-12-14 01:17:19,Bid
100928.0,0.025,2024-12-14 01:17:19,Bid
100927.9,2.261,2024-12-14 01:17:19,Bid
100927.8,0.018,2024-12-14 01:17:19,Bid
100927.7,0.001,2024-12-14 01:17:19,Bid
100927.6,0.002,2024-12-14 01:17:19,Bid
100927.5,0.002,2024-12-14 01:17:19,Bid
100927.3,0.004,2024-12-14 01:17:19,Bid
100927.2,0.025,2024-12-14 01:17:19,Bid
100927.1,0.013,2024-12-14 01:17:19,Bid
100926.5,0.099,2024-12-14 01:17:19,Bid
100926.3,0.298,2024-12-14 01:17:19,Bid
100926.2,0.002,2024-12-14 01:17:19,Bid
100926.1,2.112,2024-12-14 01:17:19,Bid
100926.0,0.403,2024-12-14 01:17:19,Bid
100925.9,0.001,2024-12-14 01:17:19,Bid
100925.7,0.007,2024-12-14 01:17:19,Bid
100925.5,0.003,2024-12-14 01:17:19,Bid
100925.4,0.005,2024-12-14 01:17:19,Bid
100925.0,0.006,2024-12-14 01:17:19,Bid
100924.7,0.358,2024-12-14 01:17:19,Bid
100924.6,0.003,2024-12-14 01:17:19,Bid
100924.5,0.009,2024-12-14 01:17:19,Bid
100923.8,0.019,2024-12-14 01:17:19,Bid
100923.7,0.008,2024-12-14 01:17:19,Bid
100923.6,0.004,2024-12-14 01:17:19,Bid
100923.5,0.004,2024-12-14 01:17:19,Bid
100923.3,0.003,2024-12-14 01:17:19,Bid
100923.0,0.013,2024-12-14 01:17:19,Bid
100922.8,0.052,2024-12-14 01:17:19,Bid
100922.6,4.457,2024-12-14 01:17:19,Bid
100922.3,0.007,2024-12-14 01:17:19,Bid
100922.2,0.096,2024-12-14 01:17:19,Bid
100921.7,0.019,2024-12-14 01:17:19,Bid
100921.2,0.003,2024-12-14 01:17:19,Bid
100921.1,0.161,2024-12-14 01:17:19,Bid
100920.9,0.001,2024-12-14 01:17:19,Bid
100920.6,0.002,2024-12-14 01:17:19,Bid
100920.5,0.002,2024-12-14 01:17:19,Bid
100920.4,0.001,2024-12-14 01:17:19,Bid
100920.1,0.002,2024-12-14 01:17:19,Bid
100920.0,0.035,2024-12-14 01:17:19,Bid
100919.6,0.003,2024-12-14 01:17:19,Bid
100919.5,0.329,2024-12-14 01:17:19,Bid
100919.4,2.258,2024-12-14 01:17:19,Bid
100919.3,0.032,2024-12-14 01:17:19,Bid
100919.2,0.003,2024-12-14 01:17:19,Bid
100919.0,1.425,2024-12-14 01:17:19,Bid
100918.8,0.026,2024-12-14 01:17:19,Bid
100918.7,0.032,2024-12-14 01:17:19,Bid
100918.5,0.002,2024-12-14 01:17:19,Bid
100918.3,0.001,2024-12-14 01:17:19,Bid
100917.6,0.003,2024-12-14 01:17:19,Bid
100917.4,0.009,2024-12-14 01:17:19,Bid
100917.3,0.174,2024-12-14 01:17:19,Bid
100917.2,0.002,2024-12-14 01:17:19,Bid
100917.1,0.009,2024-12-14 01:17:19,Bid
100917.0,0.005,2024-12-14 01:17:19,Bid
100916.7,0.004,2024-12-14 01:17:19,Bid
100916.6,0.015,2024-12-14 01:17:19,Bid
100916.2,0.017,2024-12-14 01:17:19,Bid
100916.1,0.098,2024-12-14 01:17:19,Bid
100916.0,0.005,2024-12-14 01:17:19,Bid
100915.7,0.002,2024-12-14 01:17:19,Bid
100915.2,0.004,2024-12-14 01:17:19,Bid
100914.9,0.129,2024-12-14 01:17:19,Bid
100914.7,0.001,2024-12-14 01:17:19,Bid
100914.6,0.188,2024-12-14 01:17:19,Bid
100914.2,0.034,2024-12-14 01:17:19,Bid
100913.8,0.001,2024-12-14 01:17:19,Bid
100913.7,0.004,2024-12-14 01:17:19,Bid
100913.6,0.093,2024-12-14 01:17:19,Bid
100913.5,0.001,2024-12-14 01:17:19,Bid
100913.3,0.006,2024-12-14 01:17:19,Bid
100913.1,0.002,2024-12-14 01:17:19,Bid
100913.0,0.004,2024-12-14 01:17:19,Bid
100912.9,0.464,2024-12-14 01:17:19,Bid
100912.8,0.001,2024-12-14 01:17:19,Bid
100912.5,0.002,2024-12-14 01:17:19,Bid
100912.4,0.001,2024-12-14 01:17:19,Bid
100912.2,0.001,2024-12-14 01:17:19,Bid
100911.8,0.002,2024-12-14 01:17:19,Bid
100911.7,0.003,2024-12-14 01:17:19,Bid
100911.5,0.176,2024-12-14 01:17:19,Bid
100911.3,0.148,2024-12-14 01:17:19,Bid
100911.2,0.004,2024-12-14 01:17:19,Bid
100910.6,25.995,2024-12-14 01:17:19,Bid
100910.5,0.001,2024-12-14 01:17:19,Bid
100910.4,0.002,2024-12-14 01:17:19,Bid
100910.3,0.001,2024-12-14 01:17:19,Bid
100910.2,0.068,2024-12-14 01:17:19,Bid
100910.1,0.023,2024-12-14 01:17:19,Bid
100910.0,0.011,2024-12-14 01:17:19,Bid
100909.7,0.317,2024-12-14 01:17:19,Bid
100909.6,0.004,2024-12-14 01:17:19,Bid
100909.5,0.04,2024-12-14 01:17:19,Bid
100909.4,0.024,2024-12-14 01:17:19,Bid
100909.2,0.015,2024-12-14 01:17:19,Bid
100909.0,0.029,2024-12-14 01:17:19,Bid
100908.9,0.012,2024-12-14 01:17:19,Bid
100908.8,1.426,2024-12-14 01:17:19,Bid
100908.6,0.101,2024-12-14 01:17:19,Bid
100908.4,0.011,2024-12-14 01:17:19,Bid
100908.3,0.007,2024-12-14 01:17:19,Bid
100908.0,2.22,2024-12-14 01:17:19,Bid
100907.8,0.008,2024-12-14 01:17:19,Bid
100907.7,0.002,2024-12-14 01:17:19,Bid
100907.4,0.07,2024-12-14 01:17:19,Bid
100907.3,0.005,2024-12-14 01:17:19,Bid
100907.2,0.003,2024-12-14 01:17:19,Bid
100907.1,0.015,2024-12-14 01:17:19,Bid
100906.7,0.012,2024-12-14 01:17:19,Bid
100906.6,0.009,2024-12-14 01:17:19,Bid
100906.2,0.01,2024-12-14 01:17:19,Bid
100905.3,0.015,2024-12-14 01:17:19,Bid
100905.2,0.889,2024-12-14 01:17:19,Bid
100905.1,0.002,2024-12-14 01:17:19,Bid
100905.0,0.005,2024-12-14 01:17:19,Bid
100904.8,0.001,2024-12-14 01:17:19,Bid
100904.7,0.019,2024-12-14 01:17:19,Bid
100904.6,0.002,2024-12-14 01:17:19,Bid
100904.5,0.188,2024-12-14 01:17:19,Bid
100904.4,0.066,2024-12-14 01:17:19,Bid
100904.3,0.171,2024-12-14 01:17:19,Bid
100904.0,0.007,2024-12-14 01:17:19,Bid
100903.5,0.006,2024-12-14 01:17:19,Bid
100903.4,0.002,2024-12-14 01:17:19,Bid
100903.0,0.012,2024-12-14 01:17:19,Bid
100902.5,0.045,2024-12-14 01:17:19,Bid
100902.4,0.03,2024-12-14 01:17:19,Bid
100902.3,0.182,2024-12-14 01:17:19,Bid
100902.1,0.012,2024-12-14 01:17:19,Bid
100902.0,0.04,2024-12-14 01:17:19,Bid
100901.8,2.521,2024-12-14 01:17:19,Bid
100901.7,0.003,2024-12-14 01:17:19,Bid
100901.6,0.001,2024-12-14 01:17:19,Bid
100901.5,0.002,2024-12-14 01:17:19,Bid
100901.4,0.242,2024-12-14 01:17:19,Bid
100901.2,0.004,2024-12-14 01:17:19,Bid
100901.0,0.021,2024-12-14 01:17:19,Bid
100900.9,0.003,2024-12-14 01:17:19,Bid
100900.8,0.013,2024-12-14 01:17:19,Bid
100900.4,0.124,2024-12-14 01:17:19,Bid
100900.3,16.755,2024-12-14 01:17:19,Bid
100900.0,2.676,2024-12-14 01:17:19,Bid
100899.4,0.012,2024-12-14 01:17:19,Bid
100899.1,0.001,2024-12-14 01:17:19,Bid
100899.0,0.014,2024-12-14 01:17:19,Bid
100898.9,0.174,2024-12-14 01:17:19,Bid
100898.8,0.063,2024-12-14 01:17:19,Bid
100898.7,0.396,2024-12-14 01:17:19,Bid
100898.6,1.524,2024-12-14 01:17:19,Bid
100898.0,0.07,2024-12-14 01:17:19,Bid
100897.9,0.068,2024-12-14 01:17:19,Bid
100897.7,0.001,2024-12-14 01:17:19,Bid
100897.6,0.001,2024-12-14 01:17:19,Bid
100897.2,0.011,2024-12-14 01:17:19,Bid
100897.1,0.001,2024-12-14 01:17:19,Bid
100896.9,0.005,2024-12-14 01:17:19,Bid
100896.5,0.05,2024-12-14 01:17:19,Bid
100896.4,0.005,2024-12-14 01:17:19,Bid
100896.2,0.014,2024-12-14 01:17:19,Bid
100896.0,0.007,2024-12-14 01:17:19,Bid
100895.4,0.001,2024-12-14 01:17:19,Bid
100895.3,0.004,2024-12-14 01:17:19,Bid
100895.2,0.001,2024-12-14 01:17:19,Bid
100894.8,0.016,2024-12-14 01:17:19,Bid
100894.7,0.005,2024-12-14 01:17:19,Bid
100894.4,0.188,2024-12-14 01:17:19,Bid
100894.3,0.002,2024-12-14 01:17:19,Bid
100893.9,4.007,2024-12-14 01:17:19,Bid
100893.7,0.172,2024-12-14 01:17:19,Bid
100893.5,0.003,2024-12-14 01:17:19,Bid
100893.4,0.015,2024-12-14 01:17:19,Bid
100893.3,0.002,2024-12-14 01:17:19,Bid
100893.2,0.001,2024-12-14 01:17:19,Bid
100893.1,0.011,2024-12-14 01:17:19,Bid
100892.8,0.001,2024-12-14 01:17:19,Bid
100892.7,0.004,2024-12-14 01:17:19,Bid
100892.3,0.001,2024-12-14 01:17:19,Bid
100892.2,0.006,2024-12-14 01:17:19,Bid
100892.0,0.001,2024-12-14 01:17:19,Bid
100891.9,0.005,2024-12-14 01:17:19,Bid
100891.6,0.001,2024-12-14 01:17:19,Bid
100891.4,0.001,2024-12-14 01:17:19,Bid
100891.2,0.011,2024-12-14 01:17:19,Bid
100890.8,0.058,2024-12-14 01:17:19,Bid
100890.7,0.001,2024-12-14 01:17:19,Bid
100890.5,0.005,2024-12-14 01:17:19,Bid
100890.0,0.004,2024-12-14 01:17:19,Bid
100889.8,0.013,2024-12-14 01:17:19,Bid
100889.7,0.011,2024-12-14 01:17:19,Bid
100889.0,0.002,2024-12-14 01:17:19,Bid
100888.8,0.014,2024-12-14 01:17:19,Bid
100888.6,0.171,2024-12-14 01:17:19,Bid
100888.5,0.001,2024-12-14 01:17:19,Bid
100888.4,0.005,2024-12-14 01:17:19,Bid
100888.2,0.085,2024-12-14 01:17:19,Bid
100888.1,0.011,2024-12-14 01:17:19,Bid
100888.0,6.568,2024-12-14 01:17:19,Bid
100887.5,0.021,2024-12-14 01:17:19,Bid
100887.4,0.024,2024-12-14 01:17:19,Bid
100886.9,0.026,2024-12-14 01:17:19,Bid
100886.8,0.002,2024-12-14 01:17:19,Bid
100886.6,0.001,2024-12-14 01:17:19,Bid
100886.5,0.016,2024-12-14 01:17:19,Bid
100886.4,0.535,2024-12-14 01:17:19,Bid
100886.0,0.005,2024-12-14 01:17:19,Bid
100885.1,0.003,2024-12-14 01:17:19,Bid
100885.0,0.002,2024-12-14 01:17:19,Bid
100884.8,0.021,2024-12-14 01:17:19,Bid
100884.5,1.507,2024-12-14 01:17:19,Bid
100884.3,0.19,2024-12-14 01:17:19,Bid
100884.0,6.017,2024-12-14 01:17:19,Bid
100883.6,0.011,2024-12-14 01:17:19,Bid
100883.5,0.013,2024-12-14 01:17:19,Bid
100883.2,0.004,2024-12-14 01:17:19,Bid
100882.8,3.9,2024-12-14 01:17:19,Bid
100882.4,0.004,2024-12-14 01:17:19,Bid
100882.3,0.029,2024-12-14 01:17:19,Bid
100882.2,1.853,2024-12-14 01:17:19,Bid
100881.9,0.012,2024-12-14 01:17:19,Bid
100881.5,0.1,2024-12-14 01:17:19,Bid
100881.4,0.019,2024-12-14 01:17:19,Bid
100881.2,0.01,2024-12-14 01:17:19,Bid
100881.1,1.585,2024-12-14 01:17:19,Bid
100881.0,0.01,2024-12-14 01:17:19,Bid
100880.7,0.025,2024-12-14 01:17:19,Bid
100880.0,0.066,2024-12-14 01:17:19,Bid
100879.9,0.007,2024-12-14 01:17:19,Bid
100879.8,0.007,2024-12-14 01:17:19,Bid
100879.5,0.019,2024-12-14 01:17:19,Bid
100879.4,0.003,2024-12-14 01:17:19,Bid
100879.3,0.039,2024-12-14 01:17:19,Bid
100878.9,0.01,2024-12-14 01:17:19,Bid
100878.8,0.008,2024-12-14 01:17:19,Bid
100878.7,0.177,2024-12-14 01:17:19,Bid
100878.5,0.002,2024-12-14 01:17:19,Bid
100878.2,0.004,2024-12-14 01:17:19,Bid
100878.0,0.007,2024-12-14 01:17:19,Bid
100877.9,0.004,2024-12-14 01:17:19,Bid
100877.8,0.142,2024-12-14 01:17:19,Bid
100877.5,0.003,2024-12-14 01:17:19,Bid
100877.1,0.198,2024-12-14 01:17:19,Bid
100877.0,2.992,2024-12-14 01:17:19,Bid
100876.6,0.119,2024-12-14 01:17:19,Bid
100876.4,0.009,2024-12-14 01:17:19,Bid
100876.2,0.003,2024-12-14 01:17:19,Bid
100875.9,0.004,2024-12-14 01:17:19,Bid
100875.7,1.201,2024-12-14 01:17:19,Bid
100875.4,0.012,2024-12-14 01:17:19,Bid
100875.2,0.25,2024-12-14 01:17:19,Bid
100875.1,0.005,2024-12-14 01:17:19,Bid
100875.0,0.913,2024-12-14 01:17:19,Bid
100874.9,0.114,2024-12-14 01:17:19,Bid
100874.8,1.972,2024-12-14 01:17:19,Bid
100874.6,0.002,2024-12-14 01:17:19,Bid
100874.4,0.003,2024-12-14 01:17:19,Bid
100874.2,0.188,2024-12-14 01:17:19,Bid
100873.8,0.006,2024-12-14 01:17:19,Bid
100873.7,0.002,2024-12-14 01:17:19,Bid
100873.4,0.002,2024-12-14 01:17:19,Bid
100873.1,0.043,2024-12-14 01:17:19,Bid
100872.9,0.018,2024-12-14 01:17:19,Bid
100871.6,1.614,2024-12-14 01:17:19,Bid
100871.5,0.099,2024-12-14 01:17:19,Bid
100871.4,0.015,2024-12-14 01:17:19,Bid
100871.1,0.019,2024-12-14 01:17:19,Bid
100871.0,0.038,2024-12-14 01:17:19,Bid
100870.4,0.002,2024-12-14 01:17:19,Bid
100870.2,0.003,2024-12-14 01:17:19,Bid
100870.0,0.014,2024-12-14 01:17:19,Bid
100869.9,10.012,2024-12-14 01:17:19,Bid
100869.6,0.177,2024-12-14 01:17:19,Bid
100869.3,0.012,2024-12-14 01:17:19,Bid
100868.8,0.569,2024-12-14 01:17:19,Bid
100868.7,0.001,2024-12-14 01:17:19,Bid
100868.5,0.021,2024-12-14 01:17:19,Bid
100868.4,0.007,2024-12-14 01:17:19,Bid
100868.2,0.002,2024-12-14 01:17:19,Bid
100868.1,0.781,2024-12-14 01:17:19,Bid
100868.0,0.017,2024-12-14 01:17:19,Bid
100867.9,0.017,2024-12-14 01:17:19,Bid
100867.8,0.352,2024-12-14 01:17:19,Bid
100867.7,0.005,2024-12-14 01:17:19,Bid
100867.6,0.05,2024-12-14 01:17:19,Bid
100866.8,0.002,2024-12-14 01:17:19,Bid
100866.7,0.012,2024-12-14 01:17:19,Bid
100866.6,0.027,2024-12-14 01:17:19,Bid
100866.3,0.003,2024-12-14 01:17:19,Bid
100865.9,1.205,2024-12-14 01:17:19,Bid
100865.5,0.053,2024-12-14 01:17:19,Bid
100865.4,0.007,2024-12-14 01:17:19,Bid
100865.3,0.024,2024-12-14 01:17:19,Bid
100865.2,0.012,2024-12-14 01:17:19,Bid
100865.0,0.001,2024-12-14 01:17:19,Bid
100864.8,4.49,2024-12-14 01:17:19,Bid
100864.7,0.005,2024-12-14 01:17:19,Bid
100864.5,0.007,2024-12-14 01:17:19,Bid
100864.1,0.188,2024-12-14 01:17:19,Bid
100864.0,0.009,2024-12-14 01:17:19,Bid
100863.9,2.987,2024-12-14 01:17:19,Bid
100863.6,0.009,2024-12-14 01:17:19,Bid
100863.5,0.001,2024-12-14 01:17:19,Bid
100863.3,35.012,2024-12-14 01:17:19,Bid
100863.0,0.002,2024-12-14 01:17:19,Bid
100862.6,0.173,2024-12-14 01:17:19,Bid
100862.3,0.069,2024-12-14 01:17:19,Bid
100862.1,0.002,2024-12-14 01:17:19,Bid
100862.0,0.006,2024-12-14 01:17:19,Bid
100861.8,0.001,2024-12-14 01:17:19,Bid
100861.6,0.007,2024-12-14 01:17:19,Bid
100861.5,0.001,2024-12-14 01:17:19,Bid
100861.1,0.024,2024-12-14 01:17:19,Bid
100861.0,0.004,2024-12-14 01:17:19,Bid
100860.8,0.026,2024-12-14 01:17:19,Bid
100860.6,0.002,2024-12-14 01:17:19,Bid
100860.3,0.011,2024-12-14 01:17:19,Bid
100860.0,0.6,2024-12-14 01:17:19,Bid
100859.5,0.035,2024-12-14 01:17:19,Bid
100859.3,0.004,2024-12-14 01:17:19,Bid
100858.5,0.006,2024-12-14 01:17:19,Bid
100858.0,0.219,2024-12-14 01:17:19,Bid
100857.9,1.545,2024-12-14 01:17:19,Bid
100857.8,0.078,2024-12-14 01:17:19,Bid
100857.6,0.001,2024-12-14 01:17:19,Bid
100857.5,0.03,2024-12-14 01:17:19,Bid
100857.3,0.186,2024-12-14 01:17:19,Bid
100857.1,0.019,2024-12-14 01:17:19,Bid
100857.0,0.004,2024-12-14 01:17:19,Bid
100856.9,0.061,2024-12-14 01:17:19,Bid
100856.4,0.014,2024-12-14 01:17:19,Bid
100856.2,0.003,2024-12-14 01:17:19,Bid
100856.1,0.003,2024-12-14 01:17:19,Bid
100856.0,0.005,2024-12-14 01:17:19,Bid
100855.9,0.008,2024-12-14 01:17:19,Bid
100855.8,0.004,2024-12-14 01:17:19,Bid
100855.7,0.006,2024-12-14 01:17:19,Bid
100855.3,0.001,2024-12-14 01:17:19,Bid
100855.2,0.012,2024-12-14 01:17:19,Bid
100855.1,0.002,2024-12-14 01:17:19,Bid
100855.0,0.12,2024-12-14 01:17:19,Bid
100854.9,0.012,2024-12-14 01:17:19,Bid
100854.8,0.408,2024-12-14 01:17:19,Bid
100854.6,0.012,2024-12-14 01:17:19,Bid
100854.5,0.077,2024-12-14 01:17:19,Bid
100854.4,0.006,2024-12-14 01:17:19,Bid
100854.3,0.017,2024-12-14 01:17:19,Bid
100854.1,0.005,2024-12-14 01:17:19,Bid
100854.0,0.188,2024-12-14 01:17:19,Bid
100853.9,0.001,2024-12-14 01:17:19,Bid
100853.6,0.004,2024-12-14 01:17:19,Bid
100853.4,0.01,2024-12-14 01:17:19,Bid
100853.2,0.204,2024-12-14 01:17:19,Bid
100853.0,0.013,2024-12-14 01:17:19,Bid
100852.8,0.047,2024-12-14 01:17:19,Bid
100852.7,0.017,2024-12-14 01:17:19,Bid
100852.0,1.273,2024-12-14 01:17:19,Bid
100851.9,0.012,2024-12-14 01:17:19,Bid
100851.8,0.005,2024-12-14 01:17:19,Bid
100851.7,0.183,2024-12-14 01:17:19,Bid
100851.4,0.17,2024-12-14 01:17:19,Bid
100851.0,0.029,2024-12-14 01:17:19,Bid
100850.8,0.001,2024-12-14 01:17:19,Bid
100850.5,0.051,2024-12-14 01:17:19,Bid
100850.4,0.002,2024-12-14 01:17:19,Bid
100850.2,0.003,2024-12-14 01:17:19,Bid
100850.1,10.907,2024-12-14 01:17:19,Bid
100850.0,5.198,2024-12-14 01:17:19,Bid
100849.7,0.022,2024-12-14 01:17:19,Bid
100849.5,0.007,2024-12-14 01:17:19,Bid
100849.3,0.002,2024-12-14 01:17:19,Bid
100849.0,0.024,2024-12-14 01:17:19,Bid
100848.3,0.01,2024-12-14 01:17:19,Bid
100848.1,0.198,2024-12-14 01:17:19,Bid
100848.0,0.01,2024-12-14 01:17:19,Bid
100847.9,0.008,2024-12-14 01:17:19,Bid
100847.7,0.02,2024-12-14 01:17:19,Bid
100847.6,2.257,2024-12-14 01:17:19,Bid
100847.2,0.021,2024-12-14 01:17:19,Bid
100847.0,0.002,2024-12-14 01:17:19,Bid
100846.9,0.002,2024-12-14 01:17:19,Bid
100846.6,0.451,2024-12-14 01:17:19,Bid
100846.4,0.046,2024-12-14 01:17:19,Bid
100846.1,0.019,2024-12-14 01:17:19,Bid
100846.0,0.012,2024-12-14 01:17:19,Bid
100845.8,0.004,2024-12-14 01:17:19,Bid
100845.6,0.01,2024-12-14 01:17:19,Bid
100845.4,0.014,2024-12-14 01:17:19,Bid
100845.3,0.172,2024-12-14 01:17:19,Bid
100845.0,0.139,2024-12-14 01:17:19,Bid
100844.8,1.373,2024-12-14 01:17:19,Bid
100844.0,0.07,2024-12-14 01:17:19,Bid
100843.9,0.188,2024-12-14 01:17:19,Bid
100843.8,0.005,2024-12-14 01:17:19,Bid
100843.7,0.099,2024-12-14 01:17:19,Bid
100843.5,0.014,2024-12-14 01:17:19,Bid
100843.3,0.017,2024-12-14 01:17:19,Bid
100843.1,0.014,2024-12-14 01:17:19,Bid
100843.0,0.269,2024-12-14 01:17:19,Bid
100842.8,0.384,2024-12-14 01:17:19,Bid
100842.6,0.014,2024-12-14 01:17:19,Bid
100842.5,0.001,2024-12-14 01:17:19,Bid
100842.3,0.001,2024-12-14 01:17:19,Bid
100842.1,0.163,2024-12-14 01:17:19,Bid
100841.8,0.014,2024-12-14 01:17:19,Bid
100841.3,0.002,2024-12-14 01:17:19,Bid
100841.0,0.005,2024-12-14 01:17:19,Bid
100840.4,5.95,2024-12-14 01:17:19,Bid
100840.3,0.003,2024-12-14 01:17:19,Bid
100840.1,2.521,2024-12-14 01:17:19,Bid
100840.0,0.101,2024-12-14 01:17:19,Bid
100839.6,0.264,2024-12-14 01:17:19,Bid
100839.3,5.856,2024-12-14 01:17:19,Bid
100839.0,0.012,2024-12-14 01:17:19,Bid
100838.7,0.006,2024-12-14 01:17:19,Bid
100838.6,0.175,2024-12-14 01:17:19,Bid
100838.2,0.003,2024-12-14 01:17:19,Bid
100837.6,0.002,2024-12-14 01:17:19,Bid
100837.4,0.019,2024-12-14 01:17:19,Bid
100837.0,0.012,2024-12-14 01:17:19,Bid
100836.7,0.001,2024-12-14 01:17:19,Bid
100836.6,0.012,2024-12-14 01:17:19,Bid
100836.0,0.002,2024-12-14 01:17:19,Bid
100835.2,0.001,2024-12-14 01:17:19,Bid
100835.1,0.002,2024-12-14 01:17:19,Bid
100835.0,0.097,2024-12-14 01:17:19,Bid
100834.9,0.013,2024-12-14 01:17:19,Bid
100834.6,0.003,2024-12-14 01:17:19,Bid
100834.5,0.074,2024-12-14 01:17:19,Bid
100834.4,0.012,2024-12-14 01:17:19,Bid
100834.3,0.011,2024-12-14 01:17:19,Bid
100834.2,0.002,2024-12-14 01:17:19,Bid
100834.0,0.41,2024-12-14 01:17:19,Bid
100833.8,0.188,2024-12-14 01:17:19,Bid
100833.5,0.021,2024-12-14 01:17:19,Bid
100833.3,0.984,2024-12-14 01:17:19,Bid
100833.0,0.011,2024-12-14 01:17:19,Bid
100832.7,0.005,2024-12-14 01:17:19,Bid
100832.5,0.001,2024-12-14 01:17:19,Bid
100831.9,0.002,2024-12-14 01:17:19,Bid
100831.7,0.494,2024-12-14 01:17:19,Bid
100831.6,0.011,2024-12-14 01:17:19,Bid
100831.2,0.003,2024-12-14 01:17:19,Bid
100830.6,0.006,2024-12-14 01:17:19,Bid
100830.5,0.008,2024-12-14 01:17:19,Bid
100830.4,4.007,2024-12-14 01:17:19,Bid
100830.3,0.002,2024-12-14 01:17:19,Bid
100830.0,0.034,2024-12-14 01:17:19,Bid
100829.4,0.003,2024-12-14 01:17:19,Bid
100828.7,0.543,2024-12-14 01:17:19,Bid
100828.4,0.015,2024-12-14 01:17:19,Bid
100828.1,0.003,2024-12-14 01:17:19,Bid
100827.7,0.004,2024-12-14 01:17:19,Bid
100827.5,0.002,2024-12-14 01:17:19,Bid
100827.4,0.022,2024-12-14 01:17:19,Bid
100827.3,0.056,2024-12-14 01:17:19,Bid
100827.2,0.005,2024-12-14 01:17:19,Bid
100827.0,0.001,2024-12-14 01:17:19,Bid
100826.8,2.256,2024-12-14 01:17:19,Bid
100826.5,0.002,2024-12-14 01:17:19,Bid
100826.4,0.001,2024-12-14 01:17:19,Bid
100826.3,0.008,2024-12-14 01:17:19,Bid
100826.0,0.005,2024-12-14 01:17:19,Bid
100825.7,0.176,2024-12-14 01:17:19,Bid
100825.4,10.0,2024-12-14 01:17:19,Bid
100825.3,0.004,2024-12-14 01:17:19,Bid
100825.1,0.002,2024-12-14 01:17:19,Bid
100825.0,0.008,2024-12-14 01:17:19,Bid
100824.9,0.005,2024-12-14 01:17:19,Bid
100824.8,0.002,2024-12-14 01:17:19,Bid
100824.6,0.012,2024-12-14 01:17:19,Bid
100824.4,0.011,2024-12-14 01:17:19,Bid
100824.3,0.124,2024-12-14 01:17:19,Bid
100824.2,0.008,2024-12-14 01:17:19,Bid
100824.1,0.01,2024-12-14 01:17:19,Bid
100823.7,0.191,2024-12-14 01:17:19,Bid
100823.5,0.016,2024-12-14 01:17:19,Bid
100823.4,0.019,2024-12-14 01:17:19,Bid
100823.3,0.002,2024-12-14 01:17:19,Bid
100823.2,0.007,2024-12-14 01:17:19,Bid
100822.9,0.012,2024-12-14 01:17:19,Bid
100822.8,0.019,2024-12-14 01:17:19,Bid
100822.7,0.002,2024-12-14 01:17:19,Bid
100822.4,0.584,2024-12-14 01:17:19,Bid
100822.3,0.007,2024-12-14 01:17:19,Bid
100822.0,0.494,2024-12-14 01:17:19,Bid
100821.8,0.03,2024-12-14 01:17:19,Bid
100821.7,0.031,2024-12-14 01:17:19,Bid
100821.6,0.003,2024-12-14 01:17:19,Bid
100821.4,0.043,2024-12-14 01:17:19,Bid
100821.3,0.002,2024-12-14 01:17:19,Bid
100821.2,0.002,2024-12-14 01:17:19,Bid
100821.1,0.018,2024-12-14 01:17:19,Bid
100820.6,0.012,2024-12-14 01:17:19,Bid
100820.2,7.482,2024-12-14 01:17:19,Bid
100820.1,0.003,2024-12-14 01:17:19,Bid
100820.0,0.017,2024-12-14 01:17:19,Bid
100819.9,0.008,2024-12-14 01:17:19,Bid
100819.7,0.003,2024-12-14 01:17:19,Bid
100819.6,0.004,2024-12-14 01:17:19,Bid
100819.3,0.007,2024-12-14 01:17:19,Bid
100819.0,0.544,2024-12-14 01:17:19,Bid
100818.7,0.001,2024-12-14 01:17:19,Bid
100818.6,0.012,2024-12-14 01:17:19,Bid
100818.4,0.004,2024-12-14 01:17:19,Bid
100818.1,0.006,2024-12-14 01:17:19,Bid
100818.0,0.007,2024-12-14 01:17:19,Bid
100817.9,0.001,2024-12-14 01:17:19,Bid
100817.8,0.002,2024-12-14 01:17:19,Bid
100817.5,0.002,2024-12-14 01:17:19,Bid
100817.3,0.017,2024-12-14 01:17:19,Bid
100817.1,0.005,2024-12-14 01:17:19,Bid
100817.0,0.01,2024-12-14 01:17:19,Bid
100816.8,0.012,2024-12-14 01:17:19,Bid
100816.7,0.012,2024-12-14 01:17:19,Bid
100816.6,0.176,2024-12-14 01:17:19,Bid
100816.4,0.021,2024-12-14 01:17:19,Bid
100816.3,0.001,2024-12-14 01:17:19,Bid
100816.1,0.012,2024-12-14 01:17:19,Bid
100816.0,0.02,2024-12-14 01:17:19,Bid
100815.2,0.007,2024-12-14 01:17:19,Bid
100815.0,0.122,2024-12-14 01:17:19,Bid
100814.9,0.002,2024-12-14 01:17:19,Bid
100814.7,0.012,2024-12-14 01:17:19,Bid
100814.4,0.018,2024-12-14 01:17:19,Bid
100814.1,0.003,2024-12-14 01:17:19,Bid
100813.9,0.008,2024-12-14 01:17:19,Bid
100813.6,0.012,2024-12-14 01:17:19,Bid
100813.5,0.001,2024-12-14 01:17:19,Bid
100813.4,0.394,2024-12-14 01:17:19,Bid
100813.0,0.2,2024-12-14 01:17:19,Bid
100812.7,0.013,2024-12-14 01:17:19,Bid
100812.5,0.006,2024-12-14 01:17:19,Bid
100812.3,0.119,2024-12-14 01:17:19,Bid
100812.0,0.765,2024-12-14 01:17:19,Bid
100811.8,0.002,2024-12-14 01:17:19,Bid
100811.7,0.003,2024-12-14 01:17:19,Bid
100811.3,0.119,2024-12-14 01:17:19,Bid
100811.0,0.005,2024-12-14 01:17:19,Bid
100810.5,0.001,2024-12-14 01:17:19,Bid
100810.1,0.001,2024-12-14 01:17:19,Bid
100810.0,0.008,2024-12-14 01:17:19,Bid
100809.4,0.01,2024-12-14 01:17:19,Bid
100809.2,0.012,2024-12-14 01:17:19,Bid
100809.1,0.002,2024-12-14 01:17:19,Bid
100809.0,0.039,2024-12-14 01:17:19,Bid
100808.6,0.002,2024-12-14 01:17:19,Bid
100808.5,0.176,2024-12-14 01:17:19,Bid
100807.9,0.013,2024-12-14 01:17:19,Bid
100807.8,0.172,2024-12-14 01:17:19,Bid
100807.5,0.056,2024-12-14 01:17:19,Bid
100806.4,0.008,2024-12-14 01:17:19,Bid
100806.2,0.01,2024-12-14 01:17:19,Bid
100805.1,0.007,2024-12-14 01:17:19,Bid
100805.0,0.008,2024-12-14 01:17:19,Bid
100804.9,0.014,2024-12-14 01:17:19,Bid
100804.8,0.017,2024-12-14 01:17:19,Bid
100804.7,0.029,2024-12-14 01:17:19,Bid
100804.4,0.005,2024-12-14 01:17:19,Bid
100804.3,0.007,2024-12-14 01:17:19,Bid
100804.2,0.003,2024-12-14 01:17:19,Bid
100804.1,0.896,2024-12-14 01:17:19,Bid
100804.0,2.252,2024-12-14 01:17:19,Bid
100803.7,0.002,2024-12-14 01:17:19,Bid
100803.6,0.002,2024-12-14 01:17:19,Bid
100803.5,0.109,2024-12-14 01:17:19,Bid
100803.3,0.248,2024-12-14 01:17:19,Bid
100803.0,0.176,2024-12-14 01:17:19,Bid
100802.5,0.177,2024-12-14 01:17:19,Bid
100802.0,0.067,2024-12-14 01:17:19,Bid
100801.7,0.004,2024-12-14 01:17:19,Bid
100801.5,0.007,2024-12-14 01:17:19,Bid
100801.3,0.003,2024-12-14 01:17:19,Bid
100801.0,0.021,2024-12-14 01:17:19,Bid
100800.4,0.006,2024-12-14 01:17:19,Bid
100800.3,1.687,2024-12-14 01:17:19,Bid
100800.2,0.242,2024-12-14 01:17:19,Bid
100800.0,28.71,2024-12-14 01:17:19,Bid
100799.8,0.002,2024-12-14 01:17:19,Bid
100799.1,0.004,2024-12-14 01:17:19,Bid
100798.8,1.729,2024-12-14 01:17:19,Bid
100798.6,0.012,2024-12-14 01:17:19,Bid
100798.3,0.002,2024-12-14 01:17:19,Bid
100798.2,0.002,2024-12-14 01:17:19,Bid
100796.8,0.004,2024-12-14 01:17:19,Bid
100796.5,0.002,2024-12-14 01:17:19,Bid
100796.4,0.001,2024-12-14 01:17:19,Bid
100796.2,0.001,2024-12-14 01:17:19,Bid
100796.1,0.005,2024-12-14 01:17:19,Bid
100795.9,0.001,2024-12-14 01:17:19,Bid
100795.8,0.002,2024-12-14 01:17:19,Bid
100795.7,0.01,2024-12-14 01:17:19,Bid
100795.0,0.005,2024-12-14 01:17:19,Bid
100794.8,0.003,2024-12-14 01:17:19,Bid
100794.3,0.004,2024-12-14 01:17:19,Bid
100794.2,0.001,2024-12-14 01:17:19,Bid
100793.6,0.351,2024-12-14 01:17:19,Bid
100793.5,0.788,2024-12-14 01:17:19,Bid
100793.0,5.835,2024-12-14 01:17:19,Bid
100792.7,0.013,2024-12-14 01:17:19,Bid
100792.6,0.003,2024-12-14 01:17:19,Bid
100792.5,0.27,2024-12-14 01:17:19,Bid
100792.2,0.233,2024-12-14 01:17:19,Bid
100792.1,0.002,2024-12-14 01:17:19,Bid
100791.9,0.005,2024-12-14 01:17:19,Bid
100791.8,0.001,2024-12-14 01:17:19,Bid
100791.3,0.005,2024-12-14 01:17:19,Bid
100791.2,0.005,2024-12-14 01:17:19,Bid
100791.1,0.011,2024-12-14 01:17:19,Bid
100791.0,0.002,2024-12-14 01:17:19,Bid
100790.5,0.014,2024-12-14 01:17:19,Bid
100790.0,0.002,2024-12-14 01:17:19,Bid
100789.5,0.004,2024-12-14 01:17:19,Bid
100789.4,0.006,2024-12-14 01:17:19,Bid
100789.2,0.004,2024-12-14 01:17:19,Bid
100789.0,0.134,2024-12-14 01:17:19,Bid
100788.7,0.006,2024-12-14 01:17:19,Bid
100788.5,0.192,2024-12-14 01:17:19,Bid
100788.0,0.054,2024-12-14 01:17:19,Bid
100787.7,0.012,2024-12-14 01:17:19,Bid
100787.6,0.001,2024-12-14 01:17:19,Bid
100787.1,0.099,2024-12-14 01:17:19,Bid
100787.0,0.173,2024-12-14 01:17:19,Bid
100786.9,0.015,2024-12-14 01:17:19,Bid
100786.5,0.01,2024-12-14 01:17:19,Bid
100786.0,0.1,2024-12-14 01:17:19,Bid
100785.7,0.053,2024-12-14 01:17:19,Bid
100785.4,0.184,2024-12-14 01:17:19,Bid
100785.0,0.003,2024-12-14 01:17:19,Bid
100784.0,0.01,2024-12-14 01:17:19,Bid
100783.6,0.008,2024-12-14 01:17:19,Bid
100783.4,0.187,2024-12-14 01:17:19,Bid
100783.2,0.172,2024-12-14 01:17:19,Bid
100783.1,0.016,2024-12-14 01:17:19,Bid
100783.0,0.004,2024-12-14 01:17:19,Bid
100782.9,0.003,2024-12-14 01:17:19,Bid
100782.5,0.279,2024-12-14 01:17:19,Bid
100782.4,0.006,2024-12-14 01:17:19,Bid
100782.1,0.002,2024-12-14 01:17:19,Bid
100782.0,0.3,2024-12-14 01:17:19,Bid
100781.6,0.171,2024-12-14 01:17:19,Bid
100781.2,0.408,2024-12-14 01:17:19,Bid
100781.1,0.001,2024-12-14 01:17:19,Bid
100781.0,0.007,2024-12-14 01:17:19,Bid
100780.4,0.028,2024-12-14 01:17:19,Bid
100780.3,0.002,2024-12-14 01:17:19,Bid
100780.1,0.005,2024-12-14 01:17:19,Bid
100780.0,0.162,2024-12-14 01:17:19,Bid
100779.7,0.002,2024-12-14 01:17:19,Bid
100779.4,0.003,2024-12-14 01:17:19,Bid
100779.1,0.003,2024-12-14 01:17:19,Bid
100779.0,0.009,2024-12-14 01:17:19,Bid
100778.6,0.163,2024-12-14 01:17:19,Bid
100778.5,0.011,2024-12-14 01:17:19,Bid
100778.3,2.521,2024-12-14 01:17:19,Bid
100778.1,0.004,2024-12-14 01:17:19,Bid
100778.0,0.006,2024-12-14 01:17:19,Bid
100777.8,0.242,2024-12-14 01:17:19,Bid
100777.7,0.022,2024-12-14 01:17:19,Bid
100777.5,0.002,2024-12-14 01:17:19,Bid
100777.3,0.012,2024-12-14 01:17:19,Bid
100777.0,6.322,2024-12-14 01:17:19,Bid
100776.5,0.343,2024-12-14 01:17:19,Bid
100775.8,0.011,2024-12-14 01:17:19,Bid
100775.7,0.003,2024-12-14 01:17:19,Bid
100775.5,0.004,2024-12-14 01:17:19,Bid
100775.4,0.002,2024-12-14 01:17:19,Bid
100775.1,0.023,2024-12-14 01:17:19,Bid
100775.0,0.032,2024-12-14 01:17:19,Bid
100774.8,0.005,2024-12-14 01:17:19,Bid
100773.8,0.019,2024-12-14 01:17:19,Bid
100773.7,0.028,2024-12-14 01:17:19,Bid
100773.6,0.894,2024-12-14 01:17:19,Bid
100773.5,0.02,2024-12-14 01:17:19,Bid
100773.1,0.07,2024-12-14 01:17:19,Bid
100773.0,0.003,2024-12-14 01:17:19,Bid
100772.8,0.002,2024-12-14 01:17:19,Bid
100772.7,0.006,2024-12-14 01:17:19,Bid
100772.2,0.238,2024-12-14 01:17:19,Bid
100772.0,0.012,2024-12-14 01:17:19,Bid
100771.8,0.012,2024-12-14 01:17:19,Bid
100771.2,0.002,2024-12-14 01:17:19,Bid
100770.9,0.01,2024-12-14 01:17:19,Bid
100770.8,0.006,2024-12-14 01:17:19,Bid
100770.0,2.014,2024-12-14 01:17:19,Bid
100769.6,0.012,2024-12-14 01:17:19,Bid
100769.2,0.014,2024-12-14 01:17:19,Bid
100768.1,0.018,2024-12-14 01:17:19,Bid
100768.0,0.029,2024-12-14 01:17:19,Bid
100767.9,0.002,2024-12-14 01:17:19,Bid
100767.7,0.032,2024-12-14 01:17:19,Bid
100767.6,0.01,2024-12-14 01:17:19,Bid
100767.1,0.001,2024-12-14 01:17:19,Bid
100767.0,0.071,2024-12-14 01:17:19,Bid
100766.9,4.007,2024-12-14 01:17:19,Bid
100766.6,0.004,2024-12-14 01:17:19,Bid
100766.4,0.343,2024-12-14 01:17:19,Bid
100765.8,2.721,2024-12-14 01:17:19,Bid
100765.3,0.003,2024-12-14 01:17:19,Bid
100765.0,0.005,2024-12-14 01:17:19,Bid
100764.8,0.012,2024-12-14 01:17:19,Bid
100764.3,0.01,2024-12-14 01:17:19,Bid
100764.1,0.002,2024-12-14 01:17:19,Bid
100763.9,0.003,2024-12-14 01:17:19,Bid
100763.5,0.001,2024-12-14 01:17:19,Bid
100763.4,0.004,2024-12-14 01:17:19,Bid
100763.2,0.161,2024-12-14 01:17:19,Bid
100763.0,0.015,2024-12-14 01:17:19,Bid
100762.5,0.006,2024-12-14 01:17:19,Bid
100762.2,0.002,2024-12-14 01:17:19,Bid
100762.0,0.003,2024-12-14 01:17:19,Bid
100761.8,0.003,2024-12-14 01:17:19,Bid
100761.2,0.339,2024-12-14 01:17:19,Bid
100760.7,0.143,2024-12-14 01:17:19,Bid
100760.5,0.108,2024-12-14 01:17:19,Bid
100760.3,2.244,2024-12-14 01:17:19,Bid
100760.0,3.048,2024-12-14 01:17:19,Bid
100759.7,0.001,2024-12-14 01:17:19,Bid
100759.4,0.001,2024-12-14 01:17:19,Bid
100759.2,0.006,2024-12-14 01:17:19,Bid
100759.1,0.001,2024-12-14 01:17:19,Bid
100758.7,0.024,2024-12-14 01:17:19,Bid
100758.6,10.008,2024-12-14 01:17:19,Bid
100758.0,0.004,2024-12-14 01:17:19,Bid
100757.5,0.002,2024-12-14 01:17:19,Bid
100757.3,0.011,2024-12-14 01:17:19,Bid
100757.2,0.004,2024-12-14 01:17:19,Bid
100757.1,0.025,2024-12-14 01:17:19,Bid
100757.0,0.005,2024-12-14 01:17:19,Bid
100756.9,0.002,2024-12-14 01:17:19,Bid
100756.8,0.012,2024-12-14 01:17:19,Bid
100756.7,0.013,2024-12-14 01:17:19,Bid
100756.5,0.012,2024-12-14 01:17:19,Bid
100756.4,0.031,2024-12-14 01:17:19,Bid
100756.1,0.368,2024-12-14 01:17:19,Bid
100755.6,0.001,2024-12-14 01:17:19,Bid
100755.5,0.026,2024-12-14 01:17:19,Bid
100755.1,0.001,2024-12-14 01:17:19,Bid
100755.0,0.002,2024-12-14 01:17:19,Bid
100754.5,0.006,2024-12-14 01:17:19,Bid
100754.3,0.013,2024-12-14 01:17:19,Bid
100753.7,0.061,2024-12-14 01:17:19,Bid
100753.2,0.002,2024-12-14 01:17:19,Bid
100753.0,0.5,2024-12-14 01:17:19,Bid
100752.9,0.007,2024-12-14 01:17:19,Bid
100752.1,0.005,2024-12-14 01:17:19,Bid
100752.0,0.002,2024-12-14 01:17:19,Bid
100751.4,1.55,2024-12-14 01:17:19,Bid
100751.2,0.007,2024-12-14 01:17:19,Bid
100751.1,2.584,2024-12-14 01:17:19,Bid
100751.0,0.031,2024-12-14 01:17:19,Bid
100750.8,0.011,2024-12-14 01:17:19,Bid
100750.6,0.025,2024-12-14 01:17:19,Bid
100750.5,0.001,2024-12-14 01:17:19,Bid
100750.3,0.279,2024-12-14 01:17:19,Bid
100750.0,1.775,2024-12-14 01:17:19,Bid
100749.4,0.377,2024-12-14 01:17:19,Bid
100749.3,0.003,2024-12-14 01:17:19,Bid
100749.1,0.003,2024-12-14 01:17:19,Bid
100748.9,0.017,2024-12-14 01:17:19,Bid
100748.8,0.002,2024-12-14 01:17:19,Bid
100748.7,0.003,2024-12-14 01:17:19,Bid
100748.5,0.014,2024-12-14 01:17:19,Bid
100748.0,0.02,2024-12-14 01:17:19,Bid
100747.6,0.011,2024-12-14 01:17:19,Bid
100747.5,0.002,2024-12-14 01:17:19,Bid
100747.0,0.03,2024-12-14 01:17:19,Bid
100746.9,0.003,2024-12-14 01:17:19,Bid
100746.8,0.209,2024-12-14 01:17:19,Bid
100746.6,0.004,2024-12-14 01:17:19,Bid
